,id,price,quoteQty,isBestMatch,qty,time,symbol,isBuyerMaker
0,163660551,94.92,113.904,True,1.2,2022-04-04T13:21:39.111000,AVAXUSDT,True
1,163660550,94.92,103.4628,True,1.09,2022-04-04T13:21:38.703000,AVAXUSDT,False
2,163660549,94.89,489.6324,True,5.16,2022-04-04T13:21:38.271000,AVAXUSDT,False
3,163660548,94.89,459.2676,True,4.84,2022-04-04T13:21:38.262000,AVAXUSDT,False
4,163660547,94.89,88.2477,True,0.93,2022-04-04T13:21:38.262000,AVAXUSDT,False
5,163660546,94.88,840.6368,True,8.86,2022-04-04T13:21:37.963000,AVAXUSDT,False
6,163660545,94.88,108.1632,True,1.14,2022-04-04T13:21:37.184000,AVAXUSDT,False
7,163660544,94.87,3020.6608,True,31.84,2022-04-04T13:21:36.181000,AVAXUSDT,False
8,163660543,94.86,137.547,True,1.45,2022-04-04T13:21:35.753000,AVAXUSDT,False
9,163660542,94.85,149.863,True,1.58,2022-04-04T13:21:35.558000,AVAXUSDT,False
10,163660541,94.85,704.7355,True,7.43,2022-04-04T13:21:35.558000,AVAXUSDT,False
11,163660540,94.85,508.396,True,5.36,2022-04-04T13:21:35.551000,AVAXUSDT,False
12,163660539,94.84,11.3808,True,0.12,2022-04-04T13:21:35.474000,AVAXUSDT,True
13,163660538,94.84,532.0524,True,5.61,2022-04-04T13:21:34.468000,AVAXUSDT,False
14,163660537,94.83,948.3,True,10.0,2022-04-04T13:21:34.269000,AVAXUSDT,False
15,163660536,94.83,114.7443,True,1.21,2022-04-04T13:21:34.269000,AVAXUSDT,False
16,163660535,94.81,378.2919,True,3.99,2022-04-04T13:21:33.342000,AVAXUSDT,False
17,163660534,94.81,4621.9875,True,48.75,2022-04-04T13:21:33.300000,AVAXUSDT,False
18,163660533,94.81,948.1,True,10.0,2022-04-04T13:21:33.300000,AVAXUSDT,False
19,163660532,94.81,182.9833,True,1.93,2022-04-04T13:21:33.300000,AVAXUSDT,False
20,163660531,94.81,538.5208,True,5.68,2022-04-04T13:21:32.435000,AVAXUSDT,False
21,163660530,94.8,11.376,True,0.12,2022-04-04T13:21:32.103000,AVAXUSDT,True
22,163660529,94.81,97.6543,True,1.03,2022-04-04T13:21:32.031000,AVAXUSDT,False
23,163660528,94.8,193.392,True,2.04,2022-04-04T13:21:30.161000,AVAXUSDT,True
24,163660527,94.8,212.352,True,2.24,2022-04-04T13:21:27.806000,AVAXUSDT,True
25,163660526,94.8,755.556,True,7.97,2022-04-04T13:21:27.806000,AVAXUSDT,True
26,163660525,94.8,94.8,True,1.0,2022-04-04T13:21:27.806000,AVAXUSDT,True
27,163660524,94.8,99.54,True,1.05,2022-04-04T13:21:27.806000,AVAXUSDT,True
28,163660523,94.8,377.304,True,3.98,2022-04-04T13:21:27.259000,AVAXUSDT,True
29,163660522,94.79,596.2291,True,6.29,2022-04-04T13:21:24.396000,AVAXUSDT,False
30,163660521,94.79,1205.7288,True,12.72,2022-04-04T13:21:24.396000,AVAXUSDT,False
31,163660520,94.78,11.3736,True,0.12,2022-04-04T13:21:24.294000,AVAXUSDT,False
32,163660519,94.78,947.8,True,10.0,2022-04-04T13:21:24.294000,AVAXUSDT,False
33,163660518,94.78,655.8776,True,6.92,2022-04-04T13:21:24.294000,AVAXUSDT,False
34,163660517,94.78,384.8068,True,4.06,2022-04-04T13:21:23.305000,AVAXUSDT,False
35,163660516,94.8,14.22,True,0.15,2022-04-04T13:21:20.058000,AVAXUSDT,False
36,163660515,94.79,1000.9824,True,10.56,2022-04-04T13:21:19.795000,AVAXUSDT,True
37,163660514,94.8,108.072,True,1.14,2022-04-04T13:21:19.280000,AVAXUSDT,False
38,163660513,94.78,666.3034,True,7.03,2022-04-04T13:21:16.908000,AVAXUSDT,True
39,163660512,94.78,149.7524,True,1.58,2022-04-04T13:21:16.908000,AVAXUSDT,True
40,163660511,94.78,360.164,True,3.8,2022-04-04T13:21:16.908000,AVAXUSDT,True
41,163660510,94.79,670.1653,True,7.07,2022-04-04T13:21:16.908000,AVAXUSDT,True
42,163660509,94.79,88.1547,True,0.93,2022-04-04T13:21:16.908000,AVAXUSDT,True
43,163660508,94.8,348.864,True,3.68,2022-04-04T13:21:16.908000,AVAXUSDT,True
44,163660507,94.8,63.516,True,0.67,2022-04-04T13:21:16.908000,AVAXUSDT,True
45,163660506,94.8,299.568,True,3.16,2022-04-04T13:21:16.908000,AVAXUSDT,True
46,163660505,94.8,189.6,True,2.0,2022-04-04T13:21:16.308000,AVAXUSDT,True
47,163660504,94.8,290.088,True,3.06,2022-04-04T13:21:15.290000,AVAXUSDT,True
48,163660503,94.81,18.0139,True,0.19,2022-04-04T13:21:15.205000,AVAXUSDT,False
49,163660502,94.81,582.1334,True,6.14,2022-04-04T13:21:13.701000,AVAXUSDT,False
50,163660501,94.81,354.5894,True,3.74,2022-04-04T13:21:13.204000,AVAXUSDT,False
51,163660500,94.81,199.101,True,2.1,2022-04-04T13:21:13.204000,AVAXUSDT,False
52,163660499,94.81,47.405,True,0.5,2022-04-04T13:21:12.213000,AVAXUSDT,False
53,163660498,94.8,18.96,True,0.2,2022-04-04T13:21:10.754000,AVAXUSDT,False
54,163660497,94.8,11.376,True,0.12,2022-04-04T13:21:10.028000,AVAXUSDT,True
55,163660496,94.8,853.2,True,9.0,2022-04-04T13:21:10.028000,AVAXUSDT,True
56,163660495,94.8,21.804,True,0.23,2022-04-04T13:21:10.028000,AVAXUSDT,True
57,163660494,94.8,499.596,True,5.27,2022-04-04T13:21:10.028000,AVAXUSDT,True
58,163660493,94.81,126.0973,True,1.33,2022-04-04T13:21:08.107000,AVAXUSDT,False
59,163660492,94.81,10.4291,True,0.11,2022-04-04T13:21:07.721000,AVAXUSDT,False
60,163660491,94.81,433.2817,True,4.57,2022-04-04T13:21:05.618000,AVAXUSDT,False
61,163660490,94.81,1451.5411,True,15.31,2022-04-04T13:21:05.035000,AVAXUSDT,True
62,163660489,94.81,24.6506,True,0.26,2022-04-04T13:21:05.035000,AVAXUSDT,True
63,163660488,94.82,549.0078,True,5.79,2022-04-04T13:21:05.035000,AVAXUSDT,True
64,163660487,94.82,8932.9922,True,94.21,2022-04-04T13:21:05.010000,AVAXUSDT,True
65,163660486,94.83,549.0657,True,5.79,2022-04-04T13:21:05.010000,AVAXUSDT,True
66,163660485,94.83,284.49,True,3.0,2022-04-04T13:21:04.944000,AVAXUSDT,True
67,163660484,94.83,1045.0266,True,11.02,2022-04-04T13:21:03.331000,AVAXUSDT,True
68,163660483,94.84,549.1236,True,5.79,2022-04-04T13:21:03.331000,AVAXUSDT,True
69,163660482,94.84,99.582,True,1.05,2022-04-04T13:21:03.331000,AVAXUSDT,True
70,163660481,94.85,19.9185,True,0.21,2022-04-04T13:21:01.407000,AVAXUSDT,False
71,163660480,94.82,1801.58,True,19.0,2022-04-04T13:21:00.554000,AVAXUSDT,True
72,163660479,94.83,2476.0113,True,26.11,2022-04-04T13:21:00.554000,AVAXUSDT,True
73,163660478,94.83,4947.2811,True,52.17,2022-04-04T13:21:00.554000,AVAXUSDT,True
74,163660477,94.84,10.4324,True,0.11,2022-04-04T13:21:00.554000,AVAXUSDT,True
75,163660476,94.84,94.84,True,1.0,2022-04-04T13:21:00.554000,AVAXUSDT,True
76,163660475,94.84,94.84,True,1.0,2022-04-04T13:21:00.554000,AVAXUSDT,True
77,163660474,94.84,783.3784,True,8.26,2022-04-04T13:21:00.554000,AVAXUSDT,True
78,163660473,94.84,774.8428,True,8.17,2022-04-04T13:21:00.554000,AVAXUSDT,True
79,163660472,94.85,24.661,True,0.26,2022-04-04T13:20:59.608000,AVAXUSDT,False
80,163660471,94.84,189.68,True,2.0,2022-04-04T13:20:59.157000,AVAXUSDT,True
81,163660470,94.84,161.228,True,1.7,2022-04-04T13:20:59.009000,AVAXUSDT,True
82,163660469,94.85,474.25,True,5.0,2022-04-04T13:20:56.481000,AVAXUSDT,False
83,163660468,94.85,2339.9495,True,24.67,2022-04-04T13:20:56.152000,AVAXUSDT,False
84,163660467,94.85,252.301,True,2.66,2022-04-04T13:20:56.152000,AVAXUSDT,False
85,163660466,94.85,3528.42,True,37.2,2022-04-04T13:20:56.152000,AVAXUSDT,False
86,163660465,94.85,2232.769,True,23.54,2022-04-04T13:20:56.152000,AVAXUSDT,False
87,163660464,94.84,112.8596,True,1.19,2022-04-04T13:20:54.840000,AVAXUSDT,True
88,163660463,94.84,88.2012,True,0.93,2022-04-04T13:20:54.840000,AVAXUSDT,True
89,163660462,94.85,94.85,True,1.0,2022-04-04T13:20:53.160000,AVAXUSDT,True
90,163660461,94.85,2499.2975,True,26.35,2022-04-04T13:20:53.060000,AVAXUSDT,True
91,163660460,94.87,239.0724,True,2.52,2022-04-04T13:20:52.953000,AVAXUSDT,True
92,163660459,94.87,11.3844,True,0.12,2022-04-04T13:20:52.953000,AVAXUSDT,True
93,163660458,94.87,909.8033,True,9.59,2022-04-04T13:20:52.953000,AVAXUSDT,True
94,163660457,94.87,94.87,True,1.0,2022-04-04T13:20:52.953000,AVAXUSDT,True
95,163660456,94.86,3528.792,True,37.2,2022-04-04T13:20:51.492000,AVAXUSDT,False
96,163660455,94.85,90.1075,True,0.95,2022-04-04T13:20:51.467000,AVAXUSDT,False
97,163660454,94.85,1637.111,True,17.26,2022-04-04T13:20:51.467000,AVAXUSDT,False
98,163660453,94.84,771.0492,True,8.13,2022-04-04T13:20:51.315000,AVAXUSDT,True
99,163660452,94.84,94.84,True,1.0,2022-04-04T13:20:51.315000,AVAXUSDT,True
100,163660451,94.85,259.889,True,2.74,2022-04-04T13:20:50.529000,AVAXUSDT,False
101,163660450,94.85,149.863,True,1.58,2022-04-04T13:20:50.506000,AVAXUSDT,True
102,163660449,94.85,474.25,True,5.0,2022-04-04T13:20:50.506000,AVAXUSDT,True
103,163660448,94.86,305.4492,True,3.22,2022-04-04T13:20:50.343000,AVAXUSDT,False
104,163660447,94.86,380.3886,True,4.01,2022-04-04T13:20:50.305000,AVAXUSDT,False
105,163660446,94.86,99.603,True,1.05,2022-04-04T13:20:50.305000,AVAXUSDT,False
106,163660445,94.86,758.88,True,8.0,2022-04-04T13:20:50.252000,AVAXUSDT,True
107,163660444,94.86,533.1132,True,5.62,2022-04-04T13:20:50.252000,AVAXUSDT,True
108,163660443,94.87,2453.3382,True,25.86,2022-04-04T13:20:50.224000,AVAXUSDT,False
109,163660442,94.88,2347.3312,True,24.74,2022-04-04T13:20:50.191000,AVAXUSDT,False
110,163660441,94.88,773.272,True,8.15,2022-04-04T13:20:50.158000,AVAXUSDT,True
111,163660440,94.88,171.7328,True,1.81,2022-04-04T13:20:50.158000,AVAXUSDT,True
112,163660439,94.88,2827.424,True,29.8,2022-04-04T13:20:50.158000,AVAXUSDT,True
113,163660438,94.88,487.6832,True,5.14,2022-04-04T13:20:50.158000,AVAXUSDT,True
114,163660437,94.88,144.2176,True,1.52,2022-04-04T13:20:50.108000,AVAXUSDT,True
115,163660436,94.89,99.6345,True,1.05,2022-04-04T13:20:45.914000,AVAXUSDT,False
116,163660435,94.89,443.1363,True,4.67,2022-04-04T13:20:44.944000,AVAXUSDT,True
117,163660434,94.89,838.8276,True,8.84,2022-04-04T13:20:44.944000,AVAXUSDT,True
118,163660433,94.89,779.9958,True,8.22,2022-04-04T13:20:44.834000,AVAXUSDT,True
119,163660432,94.89,1719.4068,True,18.12,2022-04-04T13:20:44.834000,AVAXUSDT,True
120,163660431,94.9,379.6,True,4.0,2022-04-04T13:20:44.441000,AVAXUSDT,True
121,163660430,94.9,147.095,True,1.55,2022-04-04T13:20:44.140000,AVAXUSDT,True
122,163660429,94.9,2560.402,True,26.98,2022-04-04T13:20:44.140000,AVAXUSDT,True
123,163660428,94.9,249.587,True,2.63,2022-04-04T13:20:44.140000,AVAXUSDT,True
124,163660427,94.91,1460.6649,True,15.39,2022-04-04T13:20:44.116000,AVAXUSDT,True
125,163660426,94.91,3399.6762,True,35.82,2022-04-04T13:20:44.116000,AVAXUSDT,True
126,163660425,94.91,217.3439,True,2.29,2022-04-04T13:20:44.116000,AVAXUSDT,True
127,163660424,94.91,4779.6676,True,50.36,2022-04-04T13:20:44.100000,AVAXUSDT,True
128,163660423,94.91,298.0174,True,3.14,2022-04-04T13:20:44.100000,AVAXUSDT,True
129,163660422,94.92,3531.024,True,37.2,2022-04-04T13:20:44.095000,AVAXUSDT,True
130,163660421,94.92,4129.02,True,43.5,2022-04-04T13:20:44.079000,AVAXUSDT,True
131,163660420,94.92,49.3584,True,0.52,2022-04-04T13:20:44.079000,AVAXUSDT,True
132,163660419,94.93,1162.8925,True,12.25,2022-04-04T13:20:44.050000,AVAXUSDT,True
133,163660418,94.93,805.0064,True,8.48,2022-04-04T13:20:44.047000,AVAXUSDT,True
134,163660417,94.94,548.7532,True,5.78,2022-04-04T13:20:44.047000,AVAXUSDT,True
135,163660416,94.94,612.363,True,6.45,2022-04-04T13:20:44.041000,AVAXUSDT,True
136,163660415,94.94,32.2796,True,0.34,2022-04-04T13:20:43.983000,AVAXUSDT,True
137,163660414,94.94,1218.0802,True,12.83,2022-04-04T13:20:43.983000,AVAXUSDT,True
138,163660413,94.95,1006.47,True,10.6,2022-04-04T13:20:43.926000,AVAXUSDT,True
139,163660412,94.95,94.95,True,1.0,2022-04-04T13:20:43.926000,AVAXUSDT,True
140,163660411,94.96,472.9008,True,4.98,2022-04-04T13:20:42.125000,AVAXUSDT,False
141,163660410,94.96,125.3472,True,1.32,2022-04-04T13:20:42.007000,AVAXUSDT,False
142,163660409,94.96,379.84,True,4.0,2022-04-04T13:20:42.007000,AVAXUSDT,False
143,163660408,94.97,566.9709,True,5.97,2022-04-04T13:20:41.737000,AVAXUSDT,True
144,163660407,94.98,11.3976,True,0.12,2022-04-04T13:20:41.434000,AVAXUSDT,False
145,163660406,94.98,29.4438,True,0.31,2022-04-04T13:20:40.543000,AVAXUSDT,False
146,163660405,94.98,27.5442,True,0.29,2022-04-04T13:20:38.807000,AVAXUSDT,False
147,163660404,94.98,21.8454,True,0.23,2022-04-04T13:20:38.807000,AVAXUSDT,False
148,163660403,94.97,75.976,True,0.8,2022-04-04T13:20:38.672000,AVAXUSDT,True
149,163660402,94.97,94.97,True,1.0,2022-04-04T13:20:38.672000,AVAXUSDT,True
150,163660401,94.97,189.94,True,2.0,2022-04-04T13:20:38.672000,AVAXUSDT,True
151,163660400,94.97,2526.202,True,26.6,2022-04-04T13:20:37.398000,AVAXUSDT,False
152,163660399,94.97,999.0844,True,10.52,2022-04-04T13:20:37.092000,AVAXUSDT,False
153,163660398,94.96,118.7,True,1.25,2022-04-04T13:20:36.993000,AVAXUSDT,True
154,163660397,94.94,1801.9612,True,18.98,2022-04-04T13:20:35.479000,AVAXUSDT,False
155,163660396,94.93,74.9947,True,0.79,2022-04-04T13:20:34.072000,AVAXUSDT,False
156,163660395,94.93,314.2183,True,3.31,2022-04-04T13:20:33.498000,AVAXUSDT,False
157,163660394,94.93,3215.2791,True,33.87,2022-04-04T13:20:32.562000,AVAXUSDT,False
158,163660393,94.93,99.6765,True,1.05,2022-04-04T13:20:32.562000,AVAXUSDT,False
159,163660392,94.93,1360.3469,True,14.33,2022-04-04T13:20:32.562000,AVAXUSDT,False
160,163660391,94.93,1898.6,True,20.0,2022-04-04T13:20:32.562000,AVAXUSDT,False
161,163660390,94.93,2759.6151,True,29.07,2022-04-04T13:20:32.562000,AVAXUSDT,False
162,163660389,94.93,580.9716,True,6.12,2022-04-04T13:20:32.562000,AVAXUSDT,False
163,163660388,94.93,48.4143,True,0.51,2022-04-04T13:20:32.009000,AVAXUSDT,True
164,163660387,94.95,686.4885,True,7.23,2022-04-04T13:20:30.903000,AVAXUSDT,True
165,163660386,94.95,12.3435,True,0.13,2022-04-04T13:20:30.903000,AVAXUSDT,True
166,163660385,94.95,94.95,True,1.0,2022-04-04T13:20:30.903000,AVAXUSDT,True
167,163660384,94.95,27.5355,True,0.29,2022-04-04T13:20:30.903000,AVAXUSDT,True
168,163660383,94.95,162.3645,True,1.71,2022-04-04T13:20:30.815000,AVAXUSDT,True
169,163660382,94.95,1184.0265,True,12.47,2022-04-04T13:20:30.815000,AVAXUSDT,True
170,163660381,94.95,24.687,True,0.26,2022-04-04T13:20:30.698000,AVAXUSDT,True
171,163660380,94.96,260.1904,True,2.74,2022-04-04T13:20:29.212000,AVAXUSDT,False
172,163660379,94.95,234.5265,True,2.47,2022-04-04T13:20:27.857000,AVAXUSDT,False
173,163660378,94.95,4632.6105,True,48.79,2022-04-04T13:20:27.857000,AVAXUSDT,False
174,163660377,94.95,566.8515,True,5.97,2022-04-04T13:20:27.857000,AVAXUSDT,False
175,163660376,94.94,949.4,True,10.0,2022-04-04T13:20:27.833000,AVAXUSDT,False
176,163660375,94.93,541.101,True,5.7,2022-04-04T13:20:26.835000,AVAXUSDT,True
177,163660374,94.93,949.3,True,10.0,2022-04-04T13:20:26.798000,AVAXUSDT,False
178,163660373,94.93,149.9894,True,1.58,2022-04-04T13:20:26.798000,AVAXUSDT,False
179,163660372,94.93,5.6958,True,0.06,2022-04-04T13:20:26.798000,AVAXUSDT,False
180,163660371,94.92,403.41,True,4.25,2022-04-04T13:20:25.310000,AVAXUSDT,True
181,163660370,94.92,52.206,True,0.55,2022-04-04T13:20:25.310000,AVAXUSDT,True
182,163660369,94.92,94.92,True,1.0,2022-04-04T13:20:25.310000,AVAXUSDT,True
183,163660368,94.92,262.9284,True,2.77,2022-04-04T13:20:15.262000,AVAXUSDT,False
184,163660367,94.92,74.9868,True,0.79,2022-04-04T13:20:15.262000,AVAXUSDT,False
185,163660366,94.9,12.337,True,0.13,2022-04-04T13:20:14.170000,AVAXUSDT,False
186,163660365,94.87,1015.109,True,10.7,2022-04-04T13:20:13.014000,AVAXUSDT,True
187,163660364,94.87,99.6135,True,1.05,2022-04-04T13:20:13.014000,AVAXUSDT,True
188,163660363,94.87,580.6044,True,6.12,2022-04-04T13:20:13.014000,AVAXUSDT,True
189,163660362,94.88,1898.5488,True,20.01,2022-04-04T13:20:12.197000,AVAXUSDT,False
190,163660361,94.86,165.0564,True,1.74,2022-04-04T13:20:09.680000,AVAXUSDT,False
191,163660360,94.86,4282.929,True,45.15,2022-04-04T13:20:09.680000,AVAXUSDT,False
192,163660359,94.86,550.188,True,5.8,2022-04-04T13:20:09.443000,AVAXUSDT,False
193,163660358,94.86,29.4066,True,0.31,2022-04-04T13:20:09.102000,AVAXUSDT,False
194,163660357,94.86,78.7338,True,0.83,2022-04-04T13:20:09.090000,AVAXUSDT,False
195,163660356,94.86,44.5842,True,0.47,2022-04-04T13:20:09.076000,AVAXUSDT,False
196,163660355,94.86,46.4814,True,0.49,2022-04-04T13:20:08.039000,AVAXUSDT,False
197,163660354,94.85,388.885,True,4.1,2022-04-04T13:20:07.471000,AVAXUSDT,False
198,163660353,94.85,919.0965,True,9.69,2022-04-04T13:20:07.427000,AVAXUSDT,True
199,163660352,94.86,15.1776,True,0.16,2022-04-04T13:20:07.427000,AVAXUSDT,True
200,163660351,94.86,21.8178,True,0.23,2022-04-04T13:20:07.427000,AVAXUSDT,True
201,163660350,94.86,94.86,True,1.0,2022-04-04T13:20:07.427000,AVAXUSDT,True
202,163660349,94.87,993.2889,True,10.47,2022-04-04T13:20:06.615000,AVAXUSDT,True
203,163660348,94.87,765.6009,True,8.07,2022-04-04T13:20:06.615000,AVAXUSDT,True
204,163660347,94.87,1838.5806,True,19.38,2022-04-04T13:20:06.551000,AVAXUSDT,True
205,163660346,94.87,1022.6986,True,10.78,2022-04-04T13:20:06.124000,AVAXUSDT,True
206,163660345,94.88,56.928,True,0.6,2022-04-04T13:20:06.124000,AVAXUSDT,True
207,163660344,94.88,738.1664,True,7.78,2022-04-04T13:20:06.087000,AVAXUSDT,True
208,163660343,94.88,638.5424,True,6.73,2022-04-04T13:20:06.087000,AVAXUSDT,True
209,163660342,94.88,5672.8752,True,59.79,2022-04-04T13:20:06.087000,AVAXUSDT,True
210,163660341,94.89,156.5685,True,1.65,2022-04-04T13:20:05.282000,AVAXUSDT,True
211,163660340,94.89,998.2428,True,10.52,2022-04-04T13:20:05.282000,AVAXUSDT,True
212,163660339,94.9,29.419,True,0.31,2022-04-04T13:20:02.038000,AVAXUSDT,False
213,163660338,94.89,0.9489,True,0.01,2022-04-04T13:20:01.616000,AVAXUSDT,True
214,163660337,94.89,18.0291,True,0.19,2022-04-04T13:20:01.616000,AVAXUSDT,True
215,163660336,94.89,81.6054,True,0.86,2022-04-04T13:20:01.457000,AVAXUSDT,True
216,163660335,94.89,109.1235,True,1.15,2022-04-04T13:19:59.311000,AVAXUSDT,True
217,163660334,94.9,990.756,True,10.44,2022-04-04T13:19:58.223000,AVAXUSDT,False
218,163660333,94.89,485.8368,True,5.12,2022-04-04T13:19:57.362000,AVAXUSDT,False
219,163660332,94.89,390.9468,True,4.12,2022-04-04T13:19:57.362000,AVAXUSDT,False
220,163660331,94.89,223.9404,True,2.36,2022-04-04T13:19:57.362000,AVAXUSDT,False
221,163660330,94.88,555.9968,True,5.86,2022-04-04T13:19:56.473000,AVAXUSDT,False
222,163660329,94.88,67.3648,True,0.71,2022-04-04T13:19:55.770000,AVAXUSDT,False
223,163660328,94.88,100.5728,True,1.06,2022-04-04T13:19:55.646000,AVAXUSDT,True
224,163660327,94.88,29.4128,True,0.31,2022-04-04T13:19:55.643000,AVAXUSDT,True
225,163660326,94.89,94.89,True,1.0,2022-04-04T13:19:55.631000,AVAXUSDT,True
226,163660325,94.9,1298.232,True,13.68,2022-04-04T13:19:55.621000,AVAXUSDT,True
227,163660324,94.91,99.6555,True,1.05,2022-04-04T13:19:55.595000,AVAXUSDT,False
228,163660323,94.91,495.4302,True,5.22,2022-04-04T13:19:55.275000,AVAXUSDT,True
229,163660322,94.91,797.244,True,8.4,2022-04-04T13:19:55.275000,AVAXUSDT,True
230,163660321,94.91,56.946,True,0.6,2022-04-04T13:19:55.275000,AVAXUSDT,True
231,163660320,94.92,949.2,True,10.0,2022-04-04T13:19:53.800000,AVAXUSDT,False
232,163660319,94.91,37.964,True,0.4,2022-04-04T13:19:53.485000,AVAXUSDT,True
233,163660318,94.91,43.6586,True,0.46,2022-04-04T13:19:52.967000,AVAXUSDT,True
234,163660317,94.91,99.6555,True,1.05,2022-04-04T13:19:52.967000,AVAXUSDT,True
235,163660316,94.91,380.5891,True,4.01,2022-04-04T13:19:52.967000,AVAXUSDT,True
236,163660315,94.88,94.88,True,1.0,2022-04-04T13:19:50.576000,AVAXUSDT,True
237,163660314,94.88,1631.936,True,17.2,2022-04-04T13:19:48.781000,AVAXUSDT,True
238,163660313,94.9,51.246,True,0.54,2022-04-04T13:19:46.890000,AVAXUSDT,True
239,163660312,94.9,873.08,True,9.2,2022-04-04T13:19:46.890000,AVAXUSDT,True
240,163660311,94.9,94.9,True,1.0,2022-04-04T13:19:46.890000,AVAXUSDT,True
241,163660310,94.9,29.419,True,0.31,2022-04-04T13:19:45.803000,AVAXUSDT,True
242,163660309,94.89,284.67,True,3.0,2022-04-04T13:19:45.643000,AVAXUSDT,False
243,163660308,94.87,385.1722,True,4.06,2022-04-04T13:19:43.708000,AVAXUSDT,False
244,163660307,94.87,499.9649,True,5.27,2022-04-04T13:19:43.478000,AVAXUSDT,False
245,163660306,94.87,222.9445,True,2.35,2022-04-04T13:19:41.595000,AVAXUSDT,False
246,163660305,94.87,99.6135,True,1.05,2022-04-04T13:19:41.595000,AVAXUSDT,False
247,163660304,94.87,580.6044,True,6.12,2022-04-04T13:19:41.595000,AVAXUSDT,False
248,163660303,94.87,96.7674,True,1.02,2022-04-04T13:19:41.595000,AVAXUSDT,False
249,163660302,94.87,255.2003,True,2.69,2022-04-04T13:19:41.517000,AVAXUSDT,False
250,163660301,94.87,29.4097,True,0.31,2022-04-04T13:19:41.505000,AVAXUSDT,False
251,163660300,94.88,523.7376,True,5.52,2022-04-04T13:19:40.905000,AVAXUSDT,True
252,163660299,94.88,376.6736,True,3.97,2022-04-04T13:19:40.905000,AVAXUSDT,True
253,163660298,94.88,578.768,True,6.1,2022-04-04T13:19:40.905000,AVAXUSDT,True
254,163660297,94.89,74.9631,True,0.79,2022-04-04T13:19:40.383000,AVAXUSDT,True
255,163660296,94.89,94.89,True,1.0,2022-04-04T13:19:40.383000,AVAXUSDT,True
256,163660295,94.89,936.5643,True,9.87,2022-04-04T13:19:40.383000,AVAXUSDT,True
257,163660294,94.89,94.89,True,1.0,2022-04-04T13:19:40.383000,AVAXUSDT,True
258,163660293,94.9,977.47,True,10.3,2022-04-04T13:19:37.399000,AVAXUSDT,False
259,163660292,94.89,1029.5565,True,10.85,2022-04-04T13:19:36.525000,AVAXUSDT,True
260,163660291,94.88,107.2144,True,1.13,2022-04-04T13:19:30.818000,AVAXUSDT,True
261,163660290,94.88,94.88,True,1.0,2022-04-04T13:19:30.818000,AVAXUSDT,True
262,163660289,94.89,23.7225,True,0.25,2022-04-04T13:19:30.027000,AVAXUSDT,True
263,163660288,94.9,10.439,True,0.11,2022-04-04T13:19:30.027000,AVAXUSDT,True
264,163660287,94.91,754.5345,True,7.95,2022-04-04T13:19:30,AVAXUSDT,True
265,163660286,94.91,356.8616,True,3.76,2022-04-04T13:19:29.679000,AVAXUSDT,True
266,163660285,94.92,473.6508,True,4.99,2022-04-04T13:19:29.133000,AVAXUSDT,True
267,163660284,94.92,1121.9544,True,11.82,2022-04-04T13:19:29.133000,AVAXUSDT,True
268,163660283,94.92,94.92,True,1.0,2022-04-04T13:19:29.133000,AVAXUSDT,True
269,163660282,94.88,1493.4112,True,15.74,2022-04-04T13:19:23.933000,AVAXUSDT,True
270,163660281,94.88,16.1296,True,0.17,2022-04-04T13:19:23.933000,AVAXUSDT,True
271,163660280,94.88,173.6304,True,1.83,2022-04-04T13:19:23.915000,AVAXUSDT,True
272,163660279,94.88,94.88,True,1.0,2022-04-04T13:19:23.915000,AVAXUSDT,True
273,163660278,94.88,99.624,True,1.05,2022-04-04T13:19:23.915000,AVAXUSDT,True
274,163660277,94.88,580.6656,True,6.12,2022-04-04T13:19:23.915000,AVAXUSDT,True
275,163660276,94.86,22.7664,True,0.24,2022-04-04T13:19:22.978000,AVAXUSDT,False
276,163660275,94.84,948.4,True,10.0,2022-04-04T13:19:19.660000,AVAXUSDT,False
277,163660274,94.83,46.4667,True,0.49,2022-04-04T13:19:17.761000,AVAXUSDT,False
278,163660273,94.83,110.0028,True,1.16,2022-04-04T13:19:14.452000,AVAXUSDT,False
279,163660272,94.83,292.0764,True,3.08,2022-04-04T13:19:14.267000,AVAXUSDT,True
280,163660271,94.84,1002.4588,True,10.57,2022-04-04T13:19:14.251000,AVAXUSDT,True
281,163660270,94.84,94.84,True,1.0,2022-04-04T13:19:14.251000,AVAXUSDT,True
282,163660269,94.86,94.86,True,1.0,2022-04-04T13:19:13.684000,AVAXUSDT,True
283,163660268,94.86,96.7572,True,1.02,2022-04-04T13:19:13.684000,AVAXUSDT,True
284,163660267,94.86,83.4768,True,0.88,2022-04-04T13:19:13.684000,AVAXUSDT,True
285,163660266,94.86,381.3372,True,4.02,2022-04-04T13:19:13.646000,AVAXUSDT,True
286,163660265,94.86,275.094,True,2.9,2022-04-04T13:19:13.494000,AVAXUSDT,True
287,163660264,94.87,19.9227,True,0.21,2022-04-04T13:19:12.377000,AVAXUSDT,False
288,163660263,94.86,1092.7872,True,11.52,2022-04-04T13:19:11.285000,AVAXUSDT,True
289,163660262,94.86,94.86,True,1.0,2022-04-04T13:19:11.285000,AVAXUSDT,True
290,163660261,94.87,49.3324,True,0.52,2022-04-04T13:19:10.482000,AVAXUSDT,True
291,163660260,94.88,1152.792,True,12.15,2022-04-04T13:19:10.216000,AVAXUSDT,True
292,163660259,94.88,948.8,True,10.0,2022-04-04T13:19:10.216000,AVAXUSDT,True
293,163660258,94.88,10.4368,True,0.11,2022-04-04T13:19:10.216000,AVAXUSDT,True
294,163660257,94.9,234.403,True,2.47,2022-04-04T13:19:09.340000,AVAXUSDT,True
295,163660256,94.91,94.91,True,1.0,2022-04-04T13:19:09.300000,AVAXUSDT,True
296,163660255,94.91,759.28,True,8.0,2022-04-04T13:19:09.297000,AVAXUSDT,True
297,163660254,94.91,759.28,True,8.0,2022-04-04T13:19:09.295000,AVAXUSDT,True
298,163660253,94.91,759.28,True,8.0,2022-04-04T13:19:09.295000,AVAXUSDT,True
299,163660252,94.91,5668.0252,True,59.72,2022-04-04T13:19:09.273000,AVAXUSDT,True
300,163660251,94.92,389.172,True,4.1,2022-04-04T13:19:09.273000,AVAXUSDT,True
301,163660250,94.92,11.3904,True,0.12,2022-04-04T13:19:09.273000,AVAXUSDT,True
302,163660249,94.92,1022.2884,True,10.77,2022-04-04T13:19:09.273000,AVAXUSDT,True
303,163660248,94.92,759.36,True,8.0,2022-04-04T13:19:09.273000,AVAXUSDT,True
304,163660247,94.92,759.36,True,8.0,2022-04-04T13:19:09.273000,AVAXUSDT,True
305,163660246,94.92,156.618,True,1.65,2022-04-04T13:19:09.273000,AVAXUSDT,True
306,163660245,94.92,485.0412,True,5.11,2022-04-04T13:19:09.264000,AVAXUSDT,True
307,163660244,94.92,358.7976,True,3.78,2022-04-04T13:19:09.255000,AVAXUSDT,True
308,163660243,94.92,94.92,True,1.0,2022-04-04T13:19:09.255000,AVAXUSDT,True
309,163660242,94.92,759.36,True,8.0,2022-04-04T13:19:09.255000,AVAXUSDT,True
310,163660241,94.92,379.68,True,4.0,2022-04-04T13:19:09.255000,AVAXUSDT,True
311,163660240,94.92,1220.6712,True,12.86,2022-04-04T13:19:09.255000,AVAXUSDT,True
312,163660239,94.92,94.92,True,1.0,2022-04-04T13:19:09.255000,AVAXUSDT,True
313,163660238,94.92,189.84,True,2.0,2022-04-04T13:19:09.255000,AVAXUSDT,True
314,163660237,94.93,14.2395,True,0.15,2022-04-04T13:19:09.246000,AVAXUSDT,False
315,163660236,94.92,134.7864,True,1.42,2022-04-04T13:19:07.381000,AVAXUSDT,True
316,163660235,94.92,1456.0728,True,15.34,2022-04-04T13:19:06.972000,AVAXUSDT,True
317,163660234,94.92,499.2792,True,5.26,2022-04-04T13:19:05.401000,AVAXUSDT,True
318,163660233,94.92,99.666,True,1.05,2022-04-04T13:19:01.469000,AVAXUSDT,True
319,163660232,94.92,964.3872,True,10.16,2022-04-04T13:19:00.131000,AVAXUSDT,True
320,163660231,94.92,557.1804,True,5.87,2022-04-04T13:18:58.514000,AVAXUSDT,False
321,163660230,94.92,1548.1452,True,16.31,2022-04-04T13:18:58.494000,AVAXUSDT,False
322,163660229,94.92,2252.4516,True,23.73,2022-04-04T13:18:58.483000,AVAXUSDT,False
323,163660228,94.91,4000.4565,True,42.15,2022-04-04T13:18:58.271000,AVAXUSDT,False
324,163660227,94.91,2787.5067,True,29.37,2022-04-04T13:18:58.271000,AVAXUSDT,False
325,163660226,94.91,999.4023,True,10.53,2022-04-04T13:18:58.262000,AVAXUSDT,False
326,163660225,94.87,393.7105,True,4.15,2022-04-04T13:18:57.049000,AVAXUSDT,False
327,163660224,94.87,9.487,True,0.1,2022-04-04T13:18:57.049000,AVAXUSDT,False
328,163660223,94.87,66.409,True,0.7,2022-04-04T13:18:54.974000,AVAXUSDT,False
329,163660222,94.86,189.72,True,2.0,2022-04-04T13:18:54.897000,AVAXUSDT,True
330,163660221,94.87,89.1778,True,0.94,2022-04-04T13:18:51.626000,AVAXUSDT,True
331,163660220,94.89,2704.365,True,28.5,2022-04-04T13:18:50.737000,AVAXUSDT,False
332,163660219,94.89,5000.703,True,52.7,2022-04-04T13:18:50.737000,AVAXUSDT,False
333,163660218,94.88,410.8304,True,4.33,2022-04-04T13:18:50.737000,AVAXUSDT,False
334,163660217,94.88,5000.176,True,52.7,2022-04-04T13:18:50.737000,AVAXUSDT,False
335,163660216,94.88,400.3936,True,4.22,2022-04-04T13:18:50.737000,AVAXUSDT,False
336,163660215,94.88,6625.4704,True,69.83,2022-04-04T13:18:50.737000,AVAXUSDT,False
337,163660214,94.88,1942.1936,True,20.47,2022-04-04T13:18:50.737000,AVAXUSDT,False
338,163660213,94.88,961.1344,True,10.13,2022-04-04T13:18:50.737000,AVAXUSDT,False
339,163660212,94.87,3529.164,True,37.2,2022-04-04T13:18:50.737000,AVAXUSDT,False
340,163660211,94.87,2984.6102,True,31.46,2022-04-04T13:18:50.737000,AVAXUSDT,False
341,163660210,94.87,4051.8977,True,42.71,2022-04-04T13:18:50.737000,AVAXUSDT,False
342,163660209,94.87,3862.1577,True,40.71,2022-04-04T13:18:50.737000,AVAXUSDT,False
343,163660208,94.87,99.6135,True,1.05,2022-04-04T13:18:50.737000,AVAXUSDT,False
344,163660207,94.87,580.6044,True,6.12,2022-04-04T13:18:50.737000,AVAXUSDT,False
345,163660206,94.86,94.86,True,1.0,2022-04-04T13:18:50.592000,AVAXUSDT,True
346,163660205,94.86,2713.9446,True,28.61,2022-04-04T13:18:50.592000,AVAXUSDT,True
347,163660204,94.88,1181.256,True,12.45,2022-04-04T13:18:48.689000,AVAXUSDT,True
348,163660203,94.88,91.0848,True,0.96,2022-04-04T13:18:48.689000,AVAXUSDT,True
349,163660202,94.88,71.16,True,0.75,2022-04-04T13:18:48.689000,AVAXUSDT,True
350,163660201,94.88,869.1008,True,9.16,2022-04-04T13:18:47.452000,AVAXUSDT,True
351,163660200,94.88,94.88,True,1.0,2022-04-04T13:18:47.452000,AVAXUSDT,True
352,163660199,94.89,2499.4026,True,26.34,2022-04-04T13:18:46.492000,AVAXUSDT,True
353,163660198,94.91,1000.3514,True,10.54,2022-04-04T13:18:46.313000,AVAXUSDT,True
354,163660197,94.91,94.91,True,1.0,2022-04-04T13:18:46.313000,AVAXUSDT,True
355,163660196,94.91,2872.9257,True,30.27,2022-04-04T13:18:46.313000,AVAXUSDT,True
356,163660195,94.91,66.437,True,0.7,2022-04-04T13:18:44.117000,AVAXUSDT,True
357,163660194,94.92,11.3904,True,0.12,2022-04-04T13:18:43.550000,AVAXUSDT,False
358,163660193,94.92,499.2792,True,5.26,2022-04-04T13:18:43.443000,AVAXUSDT,False
359,163660192,94.92,14.238,True,0.15,2022-04-04T13:18:43.439000,AVAXUSDT,False
360,163660191,94.92,29.4252,True,0.31,2022-04-04T13:18:43.438000,AVAXUSDT,False
361,163660190,94.92,24.6792,True,0.26,2022-04-04T13:18:43.437000,AVAXUSDT,False
362,163660189,94.92,29.4252,True,0.31,2022-04-04T13:18:43.434000,AVAXUSDT,False
363,163660188,94.92,11.3904,True,0.12,2022-04-04T13:18:43.434000,AVAXUSDT,False
364,163660187,94.92,109.158,True,1.15,2022-04-04T13:18:43.433000,AVAXUSDT,False
365,163660186,94.92,14.238,True,0.15,2022-04-04T13:18:43.433000,AVAXUSDT,False
366,163660185,94.92,14.238,True,0.15,2022-04-04T13:18:43.433000,AVAXUSDT,False
367,163660184,94.92,14.238,True,0.15,2022-04-04T13:18:43.431000,AVAXUSDT,False
368,163660183,94.92,18.984,True,0.2,2022-04-04T13:18:43.431000,AVAXUSDT,False
369,163660182,94.92,14.238,True,0.15,2022-04-04T13:18:43.430000,AVAXUSDT,False
370,163660181,94.92,14.238,True,0.15,2022-04-04T13:18:43.429000,AVAXUSDT,False
371,163660180,94.92,14.238,True,0.15,2022-04-04T13:18:43.429000,AVAXUSDT,False
372,163660179,94.92,11.3904,True,0.12,2022-04-04T13:18:43.426000,AVAXUSDT,False
373,163660178,94.92,14.238,True,0.15,2022-04-04T13:18:43.426000,AVAXUSDT,False
374,163660177,94.92,6.6444,True,0.07,2022-04-04T13:18:43.426000,AVAXUSDT,False
375,163660176,94.92,7.5936,True,0.08,2022-04-04T13:18:43.426000,AVAXUSDT,False
376,163660175,94.92,11.3904,True,0.12,2022-04-04T13:18:43.424000,AVAXUSDT,False
377,163660174,94.92,14.238,True,0.15,2022-04-04T13:18:43.424000,AVAXUSDT,False
378,163660173,94.92,29.4252,True,0.31,2022-04-04T13:18:43.423000,AVAXUSDT,False
379,163660136,94.91,260.0534,True,2.74,2022-04-04T13:18:43.060000,AVAXUSDT,True
380,163660135,94.9,295.139,True,3.11,2022-04-04T13:18:42.018000,AVAXUSDT,True
381,163660134,94.89,88.2477,True,0.93,2022-04-04T13:18:41.882000,AVAXUSDT,False
382,163660133,94.89,1000.1406,True,10.54,2022-04-04T13:18:41.882000,AVAXUSDT,False
383,163660132,94.88,2087.36,True,22.0,2022-04-04T13:18:41.680000,AVAXUSDT,False
384,163660131,94.88,312.1552,True,3.29,2022-04-04T13:18:41.680000,AVAXUSDT,False
385,163660130,94.88,98.6752,True,1.04,2022-04-04T13:18:39.628000,AVAXUSDT,False
386,163660129,94.86,3113.3052,True,32.82,2022-04-04T13:18:35.925000,AVAXUSDT,True
387,163660128,94.86,457.2252,True,4.82,2022-04-04T13:18:35.869000,AVAXUSDT,True
388,163660127,94.87,774.1392,True,8.16,2022-04-04T13:18:35.869000,AVAXUSDT,True
389,163660126,94.87,94.87,True,1.0,2022-04-04T13:18:35.869000,AVAXUSDT,True
390,163660125,94.87,189.74,True,2.0,2022-04-04T13:18:35.869000,AVAXUSDT,True
391,163660124,94.87,473.4013,True,4.99,2022-04-04T13:18:35.281000,AVAXUSDT,True
392,163660123,94.87,113.844,True,1.2,2022-04-04T13:18:34.384000,AVAXUSDT,True
393,163660122,94.87,18.0253,True,0.19,2022-04-04T13:18:34.337000,AVAXUSDT,True
394,163660121,94.86,34.1496,True,0.36,2022-04-04T13:18:34.031000,AVAXUSDT,False
395,163660120,94.85,94.85,True,1.0,2022-04-04T13:18:32.981000,AVAXUSDT,True
396,163660119,94.86,11.3832,True,0.12,2022-04-04T13:18:32.383000,AVAXUSDT,False
397,163660118,94.86,11.3832,True,0.12,2022-04-04T13:18:32.290000,AVAXUSDT,False
398,163660117,94.86,72.0936,True,0.76,2022-04-04T13:18:31.682000,AVAXUSDT,False
399,163660116,94.85,94.85,True,1.0,2022-04-04T13:18:31.491000,AVAXUSDT,True
400,163660115,94.85,4265.4045,True,44.97,2022-04-04T13:18:30.563000,AVAXUSDT,False
401,163660114,94.85,4970.14,True,52.4,2022-04-04T13:18:30.563000,AVAXUSDT,False
402,163660113,94.85,149.863,True,1.58,2022-04-04T13:18:30.563000,AVAXUSDT,False
403,163660112,94.84,1471.9168,True,15.52,2022-04-04T13:18:30.383000,AVAXUSDT,False
404,163660111,94.84,308.23,True,3.25,2022-04-04T13:18:30.383000,AVAXUSDT,False
405,163660110,94.84,919.948,True,9.7,2022-04-04T13:18:30.383000,AVAXUSDT,False
406,163660109,94.84,1535.4596,True,16.19,2022-04-04T13:18:30.316000,AVAXUSDT,False
407,163660108,94.84,1137.1316,True,11.99,2022-04-04T13:18:30.314000,AVAXUSDT,False
408,163660107,94.84,1095.402,True,11.55,2022-04-04T13:18:30.298000,AVAXUSDT,False
409,163660106,94.84,1320.1728,True,13.92,2022-04-04T13:18:30.294000,AVAXUSDT,False
410,163660105,94.83,299.6628,True,3.16,2022-04-04T13:18:30.287000,AVAXUSDT,False
411,163660104,94.83,2505.4086,True,26.42,2022-04-04T13:18:30.287000,AVAXUSDT,False
412,163660103,94.83,930.2823,True,9.81,2022-04-04T13:18:30.285000,AVAXUSDT,False
413,163660102,94.83,474.15,True,5.0,2022-04-04T13:18:30.283000,AVAXUSDT,False
414,163660101,94.83,1358.9139,True,14.33,2022-04-04T13:18:30.282000,AVAXUSDT,False
415,163660100,94.83,777.606,True,8.2,2022-04-04T13:18:30.281000,AVAXUSDT,False
416,163660099,94.83,809.8482,True,8.54,2022-04-04T13:18:30.279000,AVAXUSDT,False
417,163660098,94.83,964.4211,True,10.17,2022-04-04T13:18:30.228000,AVAXUSDT,False
418,163660097,94.81,11.3772,True,0.12,2022-04-04T13:18:30.228000,AVAXUSDT,False
419,163660096,94.8,435.132,True,4.59,2022-04-04T13:18:30.022000,AVAXUSDT,True
420,163660095,94.8,240.792,True,2.54,2022-04-04T13:18:30.022000,AVAXUSDT,True
421,163660094,94.8,99.54,True,1.05,2022-04-04T13:18:30.022000,AVAXUSDT,True
422,163660093,94.8,94.8,True,1.0,2022-04-04T13:18:30.022000,AVAXUSDT,True
423,163660092,94.79,1087.2413,True,11.47,2022-04-04T13:18:24.774000,AVAXUSDT,False
424,163660091,94.79,1109.043,True,11.7,2022-04-04T13:18:24.761000,AVAXUSDT,False
425,163660090,94.79,1866.4151,True,19.69,2022-04-04T13:18:24.761000,AVAXUSDT,False
426,163660089,94.79,2736.5873,True,28.87,2022-04-04T13:18:24.761000,AVAXUSDT,False
427,163660088,94.79,1097.6682,True,11.58,2022-04-04T13:18:24.761000,AVAXUSDT,False
428,163660087,94.79,815.194,True,8.6,2022-04-04T13:18:24.761000,AVAXUSDT,False
429,163660086,94.79,1199.0935,True,12.65,2022-04-04T13:18:24.761000,AVAXUSDT,False
430,163660085,94.78,45.4944,True,0.48,2022-04-04T13:18:24.670000,AVAXUSDT,False
431,163660084,94.78,45.4944,True,0.48,2022-04-04T13:18:24.670000,AVAXUSDT,False
432,163660083,94.77,540.189,True,5.7,2022-04-04T13:18:23.918000,AVAXUSDT,True
433,163660082,94.77,1077.5349,True,11.37,2022-04-04T13:18:23.918000,AVAXUSDT,True
434,163660081,94.77,66.339,True,0.7,2022-04-04T13:18:23.526000,AVAXUSDT,True
435,163660080,94.77,18.954,True,0.2,2022-04-04T13:18:22.857000,AVAXUSDT,True
436,163660079,94.77,28.431,True,0.3,2022-04-04T13:18:21.808000,AVAXUSDT,True
437,163660078,94.77,201.8601,True,2.13,2022-04-04T13:18:19.704000,AVAXUSDT,True
438,163660077,94.77,229.3434,True,2.42,2022-04-04T13:18:18.184000,AVAXUSDT,True
439,163660076,94.78,828.3772,True,8.74,2022-04-04T13:18:18.146000,AVAXUSDT,True
440,163660075,94.78,45.4944,True,0.48,2022-04-04T13:18:18.142000,AVAXUSDT,True
441,163660074,94.78,99.519,True,1.05,2022-04-04T13:18:18.142000,AVAXUSDT,True
442,163660073,94.78,563.941,True,5.95,2022-04-04T13:18:18.142000,AVAXUSDT,True
443,163660072,94.79,29.3849,True,0.31,2022-04-04T13:18:17.154000,AVAXUSDT,False
444,163660071,94.79,668.2695,True,7.05,2022-04-04T13:18:16.327000,AVAXUSDT,False
445,163660070,94.79,837.9436,True,8.84,2022-04-04T13:18:16.327000,AVAXUSDT,False
446,163660069,94.79,85.311,True,0.9,2022-04-04T13:18:16.327000,AVAXUSDT,False
447,163660068,94.79,359.2541,True,3.79,2022-04-04T13:18:16.327000,AVAXUSDT,False
448,163660067,94.78,768.6658,True,8.11,2022-04-04T13:18:15.404000,AVAXUSDT,False
449,163660066,94.78,450.205,True,4.75,2022-04-04T13:18:15.404000,AVAXUSDT,False
450,163660065,94.78,315.6174,True,3.33,2022-04-04T13:18:15.404000,AVAXUSDT,False
451,163660064,94.78,4684.9754,True,49.43,2022-04-04T13:18:15.401000,AVAXUSDT,False
452,163660063,94.78,3567.5192,True,37.64,2022-04-04T13:18:15.401000,AVAXUSDT,False
453,163660062,94.78,655.8776,True,6.92,2022-04-04T13:18:15.401000,AVAXUSDT,False
454,163660061,94.77,3525.444,True,37.2,2022-04-04T13:18:15.381000,AVAXUSDT,False
455,163660060,94.77,5000.0652,True,52.76,2022-04-04T13:18:15.381000,AVAXUSDT,False
456,163660059,94.77,4548.96,True,48.0,2022-04-04T13:18:15.381000,AVAXUSDT,False
457,163660058,94.77,2084.94,True,22.0,2022-04-04T13:18:15.381000,AVAXUSDT,False
458,163660057,94.77,886.0995,True,9.35,2022-04-04T13:18:15.381000,AVAXUSDT,False
459,163660056,94.77,99.5085,True,1.05,2022-04-04T13:18:15.381000,AVAXUSDT,False
460,163660055,94.77,1937.0988,True,20.44,2022-04-04T13:18:15.381000,AVAXUSDT,False
461,163660054,94.77,1630.044,True,17.2,2022-04-04T13:18:12.768000,AVAXUSDT,False
462,163660053,94.76,321.2364,True,3.39,2022-04-04T13:18:12.350000,AVAXUSDT,True
463,163660052,94.76,1621.3436,True,17.11,2022-04-04T13:18:10.192000,AVAXUSDT,True
464,163660051,94.77,1070.901,True,11.3,2022-04-04T13:18:08.886000,AVAXUSDT,True
465,163660050,94.77,1235.8008,True,13.04,2022-04-04T13:18:08.886000,AVAXUSDT,True
466,163660049,94.78,94.78,True,1.0,2022-04-04T13:18:07.950000,AVAXUSDT,False
467,163660048,94.79,11.3748,True,0.12,2022-04-04T13:18:05.409000,AVAXUSDT,False
468,163660047,94.8,860.784,True,9.08,2022-04-04T13:18:05.315000,AVAXUSDT,True
469,163660046,94.8,39.816,True,0.42,2022-04-04T13:18:05.315000,AVAXUSDT,True
470,163660045,94.8,94.8,True,1.0,2022-04-04T13:18:05.315000,AVAXUSDT,True
471,163660044,94.81,49.3012,True,0.52,2022-04-04T13:18:04.240000,AVAXUSDT,False
472,163660043,94.81,1115.9137,True,11.77,2022-04-04T13:18:03.591000,AVAXUSDT,True
473,163660042,94.81,16.1177,True,0.17,2022-04-04T13:18:02.712000,AVAXUSDT,True
474,163660041,94.83,891.402,True,9.4,2022-04-04T13:18:01.257000,AVAXUSDT,True
475,163660040,94.83,94.83,True,1.0,2022-04-04T13:18:01.257000,AVAXUSDT,True
476,163660039,94.83,93.8817,True,0.99,2022-04-04T13:18:00.239000,AVAXUSDT,True
477,163660038,94.81,38.8721,True,0.41,2022-04-04T13:17:58.640000,AVAXUSDT,False
478,163660037,94.81,157.3846,True,1.66,2022-04-04T13:17:58.640000,AVAXUSDT,False
479,163660036,94.81,499.6487,True,5.27,2022-04-04T13:17:58.640000,AVAXUSDT,False
480,163660035,94.81,379.24,True,4.0,2022-04-04T13:17:58.640000,AVAXUSDT,False
481,163660034,94.79,1929.9244,True,20.36,2022-04-04T13:17:57.755000,AVAXUSDT,True
482,163660033,94.8,11.376,True,0.12,2022-04-04T13:17:57.398000,AVAXUSDT,False
483,163660032,94.8,11.376,True,0.12,2022-04-04T13:17:57.397000,AVAXUSDT,False
484,163660031,94.8,11.376,True,0.12,2022-04-04T13:17:57.384000,AVAXUSDT,False
485,163660030,94.8,11.376,True,0.12,2022-04-04T13:17:57.380000,AVAXUSDT,False
486,163660029,94.8,11.376,True,0.12,2022-04-04T13:17:57.373000,AVAXUSDT,False
487,163660028,94.8,14.22,True,0.15,2022-04-04T13:17:57.339000,AVAXUSDT,False
488,163660027,94.8,14.22,True,0.15,2022-04-04T13:17:57.311000,AVAXUSDT,False
489,163660026,94.8,11.376,True,0.12,2022-04-04T13:17:57.298000,AVAXUSDT,False
490,163660025,94.8,14.22,True,0.15,2022-04-04T13:17:57.288000,AVAXUSDT,False
491,163660024,94.8,11.376,True,0.12,2022-04-04T13:17:57.287000,AVAXUSDT,False
492,163660023,94.8,29.388,True,0.31,2022-04-04T13:17:57.286000,AVAXUSDT,False
493,163660022,94.8,11.376,True,0.12,2022-04-04T13:17:57.286000,AVAXUSDT,False
494,163660021,94.8,14.22,True,0.15,2022-04-04T13:17:57.285000,AVAXUSDT,False
495,163660020,94.8,14.22,True,0.15,2022-04-04T13:17:57.283000,AVAXUSDT,False
496,163660019,94.8,11.376,True,0.12,2022-04-04T13:17:57.282000,AVAXUSDT,False
497,163660018,94.8,11.376,True,0.12,2022-04-04T13:17:57.282000,AVAXUSDT,False
498,163660017,94.8,39.816,True,0.42,2022-04-04T13:17:57.282000,AVAXUSDT,False
499,163660016,94.8,14.22,True,0.15,2022-04-04T13:17:57.280000,AVAXUSDT,False
500,163660015,94.8,11.376,True,0.12,2022-04-04T13:17:57.280000,AVAXUSDT,False
501,163660014,94.8,774.516,True,8.17,2022-04-04T13:17:57.279000,AVAXUSDT,False
502,163660013,94.8,11.376,True,0.12,2022-04-04T13:17:57.279000,AVAXUSDT,False
503,163660012,94.8,17.064,True,0.18,2022-04-04T13:17:57.278000,AVAXUSDT,False
504,163659930,94.8,789.684,True,8.33,2022-04-04T13:17:56.647000,AVAXUSDT,True
505,163659929,94.8,328.956,True,3.47,2022-04-04T13:17:56.647000,AVAXUSDT,True
506,163659928,94.8,54.036,True,0.57,2022-04-04T13:17:56.647000,AVAXUSDT,True
507,163659927,94.8,40.764,True,0.43,2022-04-04T13:17:56.620000,AVAXUSDT,True
508,163659926,94.8,706.26,True,7.45,2022-04-04T13:17:56.620000,AVAXUSDT,True
509,163659925,94.8,99.54,True,1.05,2022-04-04T13:17:56.620000,AVAXUSDT,True
510,163659924,94.8,1517.748,True,16.01,2022-04-04T13:17:56.620000,AVAXUSDT,True
511,163659923,94.8,1609.704,True,16.98,2022-04-04T13:17:56.559000,AVAXUSDT,True
512,163659922,94.8,370.668,True,3.91,2022-04-04T13:17:56.559000,AVAXUSDT,True
513,163659921,94.8,347.916,True,3.67,2022-04-04T13:17:56.559000,AVAXUSDT,True
514,163659920,94.8,136.512,True,1.44,2022-04-04T13:17:56.490000,AVAXUSDT,True
515,163659919,94.8,91.008,True,0.96,2022-04-04T13:17:55.889000,AVAXUSDT,True
516,163659918,94.8,297.672,True,3.14,2022-04-04T13:17:55.718000,AVAXUSDT,True
517,163659917,94.81,18.962,True,0.2,2022-04-04T13:17:55.705000,AVAXUSDT,False
518,163659916,94.81,20.8582,True,0.22,2022-04-04T13:17:55.705000,AVAXUSDT,False
519,163659915,94.8,259.752,True,2.74,2022-04-04T13:17:55.484000,AVAXUSDT,True
520,163659914,94.8,2435.412,True,25.69,2022-04-04T13:17:55.419000,AVAXUSDT,True
521,163659913,94.79,88.1547,True,0.93,2022-04-04T13:17:55.358000,AVAXUSDT,False
522,163659912,94.78,99.519,True,1.05,2022-04-04T13:17:55.206000,AVAXUSDT,False
523,163659911,94.78,515.6032,True,5.44,2022-04-04T13:17:55.195000,AVAXUSDT,False
524,163659910,94.78,918.4182,True,9.69,2022-04-04T13:17:55.195000,AVAXUSDT,False
525,163659909,94.78,965.8082,True,10.19,2022-04-04T13:17:55.195000,AVAXUSDT,False
526,163659908,94.78,149.7524,True,1.58,2022-04-04T13:17:55.195000,AVAXUSDT,False
527,163659907,94.78,95.7278,True,1.01,2022-04-04T13:17:55.195000,AVAXUSDT,False
528,163659906,94.77,96.6654,True,1.02,2022-04-04T13:17:55.166000,AVAXUSDT,True
529,163659905,94.77,762.8985,True,8.05,2022-04-04T13:17:55.145000,AVAXUSDT,False
530,163659904,94.77,269.1468,True,2.84,2022-04-04T13:17:55.118000,AVAXUSDT,False
531,163659903,94.76,1373.0724,True,14.49,2022-04-04T13:17:54.683000,AVAXUSDT,True
532,163659902,94.76,72.0176,True,0.76,2022-04-04T13:17:54.432000,AVAXUSDT,True
533,163659901,94.76,6312.9112,True,66.62,2022-04-04T13:17:54.079000,AVAXUSDT,True
534,163659900,94.76,399.8872,True,4.22,2022-04-04T13:17:49.703000,AVAXUSDT,False
535,163659899,94.76,501.2804,True,5.29,2022-04-04T13:17:49.703000,AVAXUSDT,False
536,163659898,94.76,10005.7084,True,105.59,2022-04-04T13:17:49.703000,AVAXUSDT,False
537,163659897,94.75,4548.0,True,48.0,2022-04-04T13:17:49.703000,AVAXUSDT,False
538,163659896,94.75,4999.9575,True,52.77,2022-04-04T13:17:49.703000,AVAXUSDT,False
539,163659895,94.75,811.06,True,8.56,2022-04-04T13:17:49.703000,AVAXUSDT,False
540,163659894,94.75,758.0,True,8.0,2022-04-04T13:17:49.703000,AVAXUSDT,False
541,163659893,94.75,3329.515,True,35.14,2022-04-04T13:17:49.703000,AVAXUSDT,False
542,163659892,94.75,2084.5,True,22.0,2022-04-04T13:17:49.703000,AVAXUSDT,False
543,163659891,94.75,137.3875,True,1.45,2022-04-04T13:17:49.703000,AVAXUSDT,False
544,163659890,94.74,10.4214,True,0.11,2022-04-04T13:17:48.310000,AVAXUSDT,True
545,163659889,94.72,71.9872,True,0.76,2022-04-04T13:17:47.661000,AVAXUSDT,False
546,163659888,94.72,4928.2816,True,52.03,2022-04-04T13:17:47.646000,AVAXUSDT,False
547,163659887,94.72,740.7104,True,7.82,2022-04-04T13:17:47.646000,AVAXUSDT,False
548,163659886,94.72,799.4368,True,8.44,2022-04-04T13:17:46.620000,AVAXUSDT,False
549,163659885,94.72,44.5184,True,0.47,2022-04-04T13:17:46.385000,AVAXUSDT,False
550,163659884,94.71,613.7208,True,6.48,2022-04-04T13:17:45.842000,AVAXUSDT,True
551,163659883,94.72,483.072,True,5.1,2022-04-04T13:17:43.768000,AVAXUSDT,False
552,163659882,94.7,1159.128,True,12.24,2022-04-04T13:17:41.324000,AVAXUSDT,True
553,163659881,94.7,89.965,True,0.95,2022-04-04T13:17:41.324000,AVAXUSDT,True
554,163659880,94.7,40.721,True,0.43,2022-04-04T13:17:41.324000,AVAXUSDT,True
555,163659879,94.7,50.191,True,0.53,2022-04-04T13:17:41.324000,AVAXUSDT,True
556,163659878,94.7,1420.5,True,15.0,2022-04-04T13:17:41.324000,AVAXUSDT,True
557,163659877,94.73,1349.9025,True,14.25,2022-04-04T13:17:39.357000,AVAXUSDT,True
558,163659876,94.73,189.46,True,2.0,2022-04-04T13:17:39.357000,AVAXUSDT,True
559,163659875,94.73,154.4099,True,1.63,2022-04-04T13:17:39.357000,AVAXUSDT,True
560,163659874,94.74,1071.5094,True,11.31,2022-04-04T13:17:38.719000,AVAXUSDT,False
561,163659873,94.75,247.2975,True,2.61,2022-04-04T13:17:38.669000,AVAXUSDT,True
562,163659872,94.76,94.76,True,1.0,2022-04-04T13:17:38.656000,AVAXUSDT,True
563,163659871,94.75,4998.0625,True,52.75,2022-04-04T13:17:38.629000,AVAXUSDT,True
564,163659870,94.75,6058.315,True,63.94,2022-04-04T13:17:38.629000,AVAXUSDT,True
565,163659869,94.75,3566.39,True,37.64,2022-04-04T13:17:38.629000,AVAXUSDT,True
566,163659868,94.77,838.7145,True,8.85,2022-04-04T13:17:38.615000,AVAXUSDT,True
567,163659867,94.77,92.8746,True,0.98,2022-04-04T13:17:38.615000,AVAXUSDT,True
568,163659866,94.77,6666.1218,True,70.34,2022-04-04T13:17:38.615000,AVAXUSDT,True
569,163659865,94.77,242.6112,True,2.56,2022-04-04T13:17:38.615000,AVAXUSDT,True
570,163659864,94.77,99.5085,True,1.05,2022-04-04T13:17:38.615000,AVAXUSDT,True
571,163659863,94.77,3229.7616,True,34.08,2022-04-04T13:17:38.615000,AVAXUSDT,True
572,163659862,94.77,49.2804,True,0.52,2022-04-04T13:17:37.803000,AVAXUSDT,True
573,163659861,94.77,42.6465,True,0.45,2022-04-04T13:17:37.732000,AVAXUSDT,True
574,163659860,94.77,194.2785,True,2.05,2022-04-04T13:17:35.992000,AVAXUSDT,True
575,163659859,94.77,51.1758,True,0.54,2022-04-04T13:17:35.957000,AVAXUSDT,True
576,163659858,94.77,11.3724,True,0.12,2022-04-04T13:17:34.130000,AVAXUSDT,False
577,163659857,94.77,14.2155,True,0.15,2022-04-04T13:17:34.095000,AVAXUSDT,False
578,163659856,94.77,49.2804,True,0.52,2022-04-04T13:17:34.060000,AVAXUSDT,False
579,163659855,94.76,1.8952,True,0.02,2022-04-04T13:17:33.904000,AVAXUSDT,True
580,163659854,94.76,552.4508,True,5.83,2022-04-04T13:17:33.904000,AVAXUSDT,True
581,163659853,94.76,580.8788,True,6.13,2022-04-04T13:17:33.904000,AVAXUSDT,True
582,163659852,94.76,820.6216,True,8.66,2022-04-04T13:17:30.831000,AVAXUSDT,False
583,163659851,94.75,72.01,True,0.76,2022-04-04T13:17:30.831000,AVAXUSDT,False
584,163659850,94.71,3757.1457,True,39.67,2022-04-04T13:17:30.357000,AVAXUSDT,False
585,163659849,94.71,19889.1,True,210.0,2022-04-04T13:17:30.356000,AVAXUSDT,False
586,163659848,94.71,3852.8028,True,40.68,2022-04-04T13:17:30.356000,AVAXUSDT,False
587,163659847,94.71,4596.2763,True,48.53,2022-04-04T13:17:30.355000,AVAXUSDT,False
588,163659846,94.71,286.9713,True,3.03,2022-04-04T13:17:30.355000,AVAXUSDT,False
589,163659845,94.71,208.362,True,2.2,2022-04-04T13:17:29.951000,AVAXUSDT,False
590,163659844,94.71,11.3652,True,0.12,2022-04-04T13:17:29.390000,AVAXUSDT,False
591,163659843,94.71,4493.9895,True,47.45,2022-04-04T13:17:28.749000,AVAXUSDT,False
592,163659842,94.71,509.5398,True,5.38,2022-04-04T13:17:28.749000,AVAXUSDT,False
593,163659841,94.73,835.5186,True,8.82,2022-04-04T13:17:28.106000,AVAXUSDT,True
594,163659840,94.73,143.9896,True,1.52,2022-04-04T13:17:27.809000,AVAXUSDT,True
595,163659839,94.73,335.3442,True,3.54,2022-04-04T13:17:27.254000,AVAXUSDT,False
596,163659838,94.72,450.8672,True,4.76,2022-04-04T13:17:27.254000,AVAXUSDT,False
597,163659837,94.72,35.9936,True,0.38,2022-04-04T13:17:24.779000,AVAXUSDT,False
598,163659836,94.72,681.984,True,7.2,2022-04-04T13:17:24.779000,AVAXUSDT,False
599,163659835,94.72,231.1168,True,2.44,2022-04-04T13:17:24.779000,AVAXUSDT,False
600,163659834,94.72,831.6416,True,8.78,2022-04-04T13:17:23.506000,AVAXUSDT,False
601,163659833,94.71,155.3244,True,1.64,2022-04-04T13:17:20.691000,AVAXUSDT,True
602,163659832,94.71,581.5194,True,6.14,2022-04-04T13:17:20.691000,AVAXUSDT,True
603,163659831,94.7,947.0,True,10.0,2022-04-04T13:17:17.220000,AVAXUSDT,True
604,163659830,94.7,94.7,True,1.0,2022-04-04T13:17:17.220000,AVAXUSDT,True
605,163659829,94.71,784.1988,True,8.28,2022-04-04T13:17:17.040000,AVAXUSDT,True
606,163659828,94.72,1894.4,True,20.0,2022-04-04T13:17:15.780000,AVAXUSDT,False
607,163659827,94.71,7012.3284,True,74.04,2022-04-04T13:17:15.763000,AVAXUSDT,True
608,163659826,94.71,734.0025,True,7.75,2022-04-04T13:17:15.763000,AVAXUSDT,True
609,163659825,94.72,187.5456,True,1.98,2022-04-04T13:17:15.746000,AVAXUSDT,False
610,163659824,94.7,3014.301,True,31.83,2022-04-04T13:17:15.583000,AVAXUSDT,False
611,163659823,94.7,62.502,True,0.66,2022-04-04T13:17:14.400000,AVAXUSDT,False
612,163659822,94.7,34.092,True,0.36,2022-04-04T13:17:14.262000,AVAXUSDT,False
613,163659821,94.7,31.251,True,0.33,2022-04-04T13:17:14.187000,AVAXUSDT,False
614,163659820,94.7,88.071,True,0.93,2022-04-04T13:17:13.448000,AVAXUSDT,False
615,163659819,94.7,11.364,True,0.12,2022-04-04T13:17:13.124000,AVAXUSDT,False
616,163659818,94.71,718.8489,True,7.59,2022-04-04T13:17:13.059000,AVAXUSDT,True
617,163659817,94.71,189.42,True,2.0,2022-04-04T13:17:13.059000,AVAXUSDT,True
618,163659816,94.71,94.71,True,1.0,2022-04-04T13:17:13.059000,AVAXUSDT,True
619,163659815,94.72,14.208,True,0.15,2022-04-04T13:17:13.035000,AVAXUSDT,False
620,163659814,94.72,1898.1888,True,20.04,2022-04-04T13:17:12.777000,AVAXUSDT,False
621,163659813,94.72,10.4192,True,0.11,2022-04-04T13:17:12.084000,AVAXUSDT,False
622,163659812,94.71,674.3352,True,7.12,2022-04-04T13:17:11.670000,AVAXUSDT,False
623,163659811,94.71,4392.6498,True,46.38,2022-04-04T13:17:11.655000,AVAXUSDT,False
624,163659810,94.71,4392.6498,True,46.38,2022-04-04T13:17:11.655000,AVAXUSDT,False
625,163659809,94.71,5066.985,True,53.5,2022-04-04T13:17:11.646000,AVAXUSDT,False
626,163659808,94.71,1390.3428,True,14.68,2022-04-04T13:17:11.642000,AVAXUSDT,False
627,163659807,94.71,953.7297,True,10.07,2022-04-04T13:17:11.636000,AVAXUSDT,False
628,163659806,94.71,1761.606,True,18.6,2022-04-04T13:17:11.629000,AVAXUSDT,False
629,163659805,94.71,992.5608,True,10.48,2022-04-04T13:17:11.600000,AVAXUSDT,False
630,163659804,94.71,836.2893,True,8.83,2022-04-04T13:17:11.231000,AVAXUSDT,False
631,163659803,94.71,1072.1172,True,11.32,2022-04-04T13:17:11.218000,AVAXUSDT,False
632,163659802,94.71,3172.785,True,33.5,2022-04-04T13:17:11.177000,AVAXUSDT,False
633,163659801,94.71,21375.0999,True,225.69,2022-04-04T13:17:11.089000,AVAXUSDT,False
634,163659800,94.7,2083.4,True,22.0,2022-04-04T13:17:11.089000,AVAXUSDT,False
635,163659799,94.7,4545.6,True,48.0,2022-04-04T13:17:11.089000,AVAXUSDT,False
636,163659798,94.7,99.435,True,1.05,2022-04-04T13:17:11.089000,AVAXUSDT,False
637,163659797,94.7,1448.91,True,15.3,2022-04-04T13:17:11.089000,AVAXUSDT,False
638,163659796,94.7,822.943,True,8.69,2022-04-04T13:17:10.646000,AVAXUSDT,True
639,163659795,94.7,947.0,True,10.0,2022-04-04T13:17:10.437000,AVAXUSDT,True
640,163659794,94.7,94.7,True,1.0,2022-04-04T13:17:10.230000,AVAXUSDT,True
641,163659793,94.7,250.008,True,2.64,2022-04-04T13:17:10.230000,AVAXUSDT,True
642,163659792,94.71,9471.0,True,100.0,2022-04-04T13:17:10.072000,AVAXUSDT,False
643,163659791,94.71,223.5156,True,2.36,2022-04-04T13:17:10.021000,AVAXUSDT,False
644,163659790,94.71,343.7973,True,3.63,2022-04-04T13:17:10.012000,AVAXUSDT,False
645,163659789,94.71,7840.0938,True,82.78,2022-04-04T13:17:09.999000,AVAXUSDT,False
646,163659788,94.7,21.781,True,0.23,2022-04-04T13:17:09.987000,AVAXUSDT,True
647,163659787,94.7,1450.804,True,15.32,2022-04-04T13:17:09.987000,AVAXUSDT,True
648,163659786,94.7,3979.294,True,42.02,2022-04-04T13:17:09.987000,AVAXUSDT,True
649,163659785,94.7,149.626,True,1.58,2022-04-04T13:17:09.987000,AVAXUSDT,True
650,163659784,94.7,2305.945,True,24.35,2022-04-04T13:17:09.987000,AVAXUSDT,True
651,163659783,94.7,88.071,True,0.93,2022-04-04T13:17:09.987000,AVAXUSDT,True
652,163659782,94.7,1089.05,True,11.5,2022-04-04T13:17:09.987000,AVAXUSDT,True
653,163659781,94.7,99.435,True,1.05,2022-04-04T13:17:09.987000,AVAXUSDT,True
654,163659780,94.7,13.258,True,0.14,2022-04-04T13:17:09.987000,AVAXUSDT,True
655,163659779,94.7,82.389,True,0.87,2022-04-04T13:17:09.987000,AVAXUSDT,True
656,163659778,94.7,88.071,True,0.93,2022-04-04T13:17:09.987000,AVAXUSDT,True
657,163659777,94.7,94.7,True,1.0,2022-04-04T13:17:09.987000,AVAXUSDT,True
658,163659776,94.7,33.145,True,0.35,2022-04-04T13:17:09.987000,AVAXUSDT,True
659,163659775,94.7,27.463,True,0.29,2022-04-04T13:17:09.987000,AVAXUSDT,True
660,163659774,94.7,45.456,True,0.48,2022-04-04T13:17:09.987000,AVAXUSDT,True
661,163659773,94.7,74.813,True,0.79,2022-04-04T13:17:09.987000,AVAXUSDT,True
662,163659716,94.75,12.3175,True,0.13,2022-04-04T13:17:09.706000,AVAXUSDT,True
663,163659715,94.75,47.375,True,0.5,2022-04-04T13:17:09.706000,AVAXUSDT,True
664,163659714,94.76,41.6944,True,0.44,2022-04-04T13:17:08.333000,AVAXUSDT,False
665,163659713,94.76,2265.7116,True,23.91,2022-04-04T13:17:08.250000,AVAXUSDT,False
666,163659712,94.76,88.1268,True,0.93,2022-04-04T13:17:08.250000,AVAXUSDT,False
667,163659711,94.76,637.7348,True,6.73,2022-04-04T13:17:07.944000,AVAXUSDT,False
668,163659710,94.76,1325.6924,True,13.99,2022-04-04T13:17:07.944000,AVAXUSDT,False
669,163659709,94.76,37.904,True,0.4,2022-04-04T13:17:07.892000,AVAXUSDT,True
670,163659708,94.76,66.332,True,0.7,2022-04-04T13:17:07.892000,AVAXUSDT,True
671,163659707,94.77,32.2218,True,0.34,2022-04-04T13:17:07.810000,AVAXUSDT,True
672,163659706,94.77,2200.5594,True,23.22,2022-04-04T13:17:07.810000,AVAXUSDT,True
673,163659705,94.77,385.7139,True,4.07,2022-04-04T13:17:07.810000,AVAXUSDT,True
674,163659704,94.77,331.695,True,3.5,2022-04-04T13:17:07.616000,AVAXUSDT,True
675,163659703,94.77,456.7914,True,4.82,2022-04-04T13:17:07.616000,AVAXUSDT,True
676,163659702,94.77,269.1468,True,2.84,2022-04-04T13:17:05.598000,AVAXUSDT,True
677,163659701,94.78,640.7128,True,6.76,2022-04-04T13:17:05.555000,AVAXUSDT,False
678,163659700,94.78,363.0074,True,3.83,2022-04-04T13:17:04.206000,AVAXUSDT,False
679,163659699,94.77,319.3749,True,3.37,2022-04-04T13:17:02.990000,AVAXUSDT,False
680,163659698,94.77,613.1619,True,6.47,2022-04-04T13:17:02.990000,AVAXUSDT,False
681,163659697,94.77,99.5085,True,1.05,2022-04-04T13:17:02.914000,AVAXUSDT,False
682,163659696,94.77,306.1071,True,3.23,2022-04-04T13:17:02.526000,AVAXUSDT,False
683,163659695,94.76,38.8516,True,0.41,2022-04-04T13:17:02.220000,AVAXUSDT,True
684,163659694,94.76,13.2664,True,0.14,2022-04-04T13:17:02.220000,AVAXUSDT,True
685,163659693,94.77,99.5085,True,1.05,2022-04-04T13:17:01.484000,AVAXUSDT,False
686,163659692,94.76,346.8216,True,3.66,2022-04-04T13:17:01.280000,AVAXUSDT,True
687,163659691,94.77,35.0649,True,0.37,2022-04-04T13:17:01.280000,AVAXUSDT,True
688,163659690,94.77,59.7051,True,0.63,2022-04-04T13:17:01.227000,AVAXUSDT,True
689,163659689,94.77,818.8128,True,8.64,2022-04-04T13:17:01.227000,AVAXUSDT,True
690,163659688,94.77,774.2709,True,8.17,2022-04-04T13:17:01.227000,AVAXUSDT,True
691,163659687,94.78,11.3736,True,0.12,2022-04-04T13:17:00.008000,AVAXUSDT,False
692,163659686,94.78,2439.6372,True,25.74,2022-04-04T13:16:59.231000,AVAXUSDT,False
693,163659685,94.76,304.1796,True,3.21,2022-04-04T13:16:59.054000,AVAXUSDT,False
694,163659684,94.76,99.498,True,1.05,2022-04-04T13:16:58.034000,AVAXUSDT,False
695,163659683,94.76,99.498,True,1.05,2022-04-04T13:16:57.903000,AVAXUSDT,False
696,163659682,94.76,1999.436,True,21.1,2022-04-04T13:16:57.132000,AVAXUSDT,False
697,163659681,94.76,1174.0764,True,12.39,2022-04-04T13:16:55.704000,AVAXUSDT,False
698,163659680,94.76,2736.6688,True,28.88,2022-04-04T13:16:55.643000,AVAXUSDT,False
699,163659679,94.75,725.785,True,7.66,2022-04-04T13:16:55.584000,AVAXUSDT,False
700,163659678,94.75,448.1675,True,4.73,2022-04-04T13:16:55.584000,AVAXUSDT,False
701,163659677,94.75,2596.15,True,27.4,2022-04-04T13:16:55.525000,AVAXUSDT,False
702,163659676,94.75,522.0725,True,5.51,2022-04-04T13:16:55.490000,AVAXUSDT,False
703,163659675,94.75,2232.31,True,23.56,2022-04-04T13:16:55.416000,AVAXUSDT,True
704,163659674,94.76,226.4764,True,2.39,2022-04-04T13:16:55.416000,AVAXUSDT,True
705,163659673,94.76,3508.0152,True,37.02,2022-04-04T13:16:55.416000,AVAXUSDT,True
706,163659672,94.77,122.2533,True,1.29,2022-04-04T13:16:55.416000,AVAXUSDT,True
707,163659671,94.77,628.3251,True,6.63,2022-04-04T13:16:55.391000,AVAXUSDT,True
708,163659670,94.77,39.8034,True,0.42,2022-04-04T13:16:55.054000,AVAXUSDT,True
709,163659669,94.77,94.77,True,1.0,2022-04-04T13:16:55.054000,AVAXUSDT,True
710,163659668,94.78,44.5466,True,0.47,2022-04-04T13:16:53.854000,AVAXUSDT,False
711,163659667,94.77,332.6427,True,3.51,2022-04-04T13:16:53.557000,AVAXUSDT,True
712,163659666,94.78,99.519,True,1.05,2022-04-04T13:16:52.678000,AVAXUSDT,False
713,163659665,94.78,99.519,True,1.05,2022-04-04T13:16:51.575000,AVAXUSDT,False
714,163659664,94.77,127.9395,True,1.35,2022-04-04T13:16:51.339000,AVAXUSDT,True
715,163659663,94.77,672.867,True,7.1,2022-04-04T13:16:51.274000,AVAXUSDT,False
716,163659662,94.77,347.8059,True,3.67,2022-04-04T13:16:51.274000,AVAXUSDT,False
717,163659661,94.77,2265.003,True,23.9,2022-04-04T13:16:51.271000,AVAXUSDT,False
718,163659660,94.77,345.9105,True,3.65,2022-04-04T13:16:51.271000,AVAXUSDT,False
719,163659659,94.77,374.3415,True,3.95,2022-04-04T13:16:51.271000,AVAXUSDT,False
720,163659658,94.77,99.5085,True,1.05,2022-04-04T13:16:51.271000,AVAXUSDT,False
721,163659657,94.77,1579.8159,True,16.67,2022-04-04T13:16:51.265000,AVAXUSDT,False
722,163659656,94.77,98.5608,True,1.04,2022-04-04T13:16:50.591000,AVAXUSDT,False
723,163659655,94.77,349.7013,True,3.69,2022-04-04T13:16:49.385000,AVAXUSDT,False
724,163659654,94.77,218.9187,True,2.31,2022-04-04T13:16:49.385000,AVAXUSDT,False
725,163659653,94.77,99.5085,True,1.05,2022-04-04T13:16:48.510000,AVAXUSDT,False
726,163659652,94.77,62.5482,True,0.66,2022-04-04T13:16:46.943000,AVAXUSDT,False
727,163659651,94.77,113.724,True,1.2,2022-04-04T13:16:46.918000,AVAXUSDT,True
728,163659650,94.77,2500.0326,True,26.38,2022-04-04T13:16:46.892000,AVAXUSDT,True
729,163659649,94.78,888.0886,True,9.37,2022-04-04T13:16:46.747000,AVAXUSDT,True
730,163659648,94.78,1150.6292,True,12.14,2022-04-04T13:16:46.736000,AVAXUSDT,True
731,163659647,94.79,766.8511,True,8.09,2022-04-04T13:16:46.699000,AVAXUSDT,True
732,163659646,94.79,94.79,True,1.0,2022-04-04T13:16:46.699000,AVAXUSDT,True
733,163659645,94.79,230.3397,True,2.43,2022-04-04T13:16:46.699000,AVAXUSDT,True
734,163659644,94.79,1444.5996,True,15.24,2022-04-04T13:16:46.699000,AVAXUSDT,True
735,163659643,94.79,319.4423,True,3.37,2022-04-04T13:16:45.063000,AVAXUSDT,True
736,163659642,94.79,758.32,True,8.0,2022-04-04T13:16:44.329000,AVAXUSDT,True
737,163659641,94.79,726.0914,True,7.66,2022-04-04T13:16:44.329000,AVAXUSDT,True
738,163659640,94.78,473.9,True,5.0,2022-04-04T13:16:44.142000,AVAXUSDT,True
739,163659639,94.78,11.3736,True,0.12,2022-04-04T13:16:44.055000,AVAXUSDT,False
740,163659638,94.78,178.1864,True,1.88,2022-04-04T13:16:44.055000,AVAXUSDT,False
741,163659637,94.78,415.1364,True,4.38,2022-04-04T13:16:43.680000,AVAXUSDT,False
742,163659636,94.78,99.519,True,1.05,2022-04-04T13:16:43.509000,AVAXUSDT,False
743,163659635,94.77,5275.8459,True,55.67,2022-04-04T13:16:43.033000,AVAXUSDT,False
744,163659634,94.76,249.2188,True,2.63,2022-04-04T13:16:42.486000,AVAXUSDT,False
745,163659633,94.76,94.76,True,1.0,2022-04-04T13:16:42.249000,AVAXUSDT,True
746,163659632,94.77,578.097,True,6.1,2022-04-04T13:16:42.198000,AVAXUSDT,True
747,163659631,94.78,11.3736,True,0.12,2022-04-04T13:16:42.044000,AVAXUSDT,False
748,163659630,94.77,2500.0326,True,26.38,2022-04-04T13:16:42.037000,AVAXUSDT,True
749,163659629,94.79,652.1552,True,6.88,2022-04-04T13:16:41.727000,AVAXUSDT,True
750,163659628,94.79,71.0925,True,0.75,2022-04-04T13:16:41.727000,AVAXUSDT,True
751,163659627,94.79,94.79,True,1.0,2022-04-04T13:16:41.727000,AVAXUSDT,True
752,163659626,94.79,553.5736,True,5.84,2022-04-04T13:16:41.611000,AVAXUSDT,True
753,163659625,94.79,1689.1578,True,17.82,2022-04-04T13:16:41.610000,AVAXUSDT,True
754,163659624,94.79,381.0558,True,4.02,2022-04-04T13:16:41.610000,AVAXUSDT,True
755,163659623,94.79,71.0925,True,0.75,2022-04-04T13:16:40.561000,AVAXUSDT,False
756,163659622,94.79,3848.474,True,40.6,2022-04-04T13:16:40.547000,AVAXUSDT,False
757,163659621,94.79,655.9468,True,6.92,2022-04-04T13:16:40.547000,AVAXUSDT,False
758,163659620,94.78,3643.3432,True,38.44,2022-04-04T13:16:40.478000,AVAXUSDT,False
759,163659619,94.76,3918.326,True,41.35,2022-04-04T13:16:40.312000,AVAXUSDT,False
760,163659618,94.76,2638.1184,True,27.84,2022-04-04T13:16:40.312000,AVAXUSDT,False
761,163659617,94.76,500.3328,True,5.28,2022-04-04T13:16:40.307000,AVAXUSDT,False
762,163659616,94.76,615.94,True,6.5,2022-04-04T13:16:40.307000,AVAXUSDT,False
763,163659615,94.76,524.0228,True,5.53,2022-04-04T13:16:40.307000,AVAXUSDT,False
764,163659614,94.76,473.8,True,5.0,2022-04-04T13:16:40.305000,AVAXUSDT,False
765,163659613,94.76,45.4848,True,0.48,2022-04-04T13:16:39.862000,AVAXUSDT,False
766,163659612,94.76,2291.2968,True,24.18,2022-04-04T13:16:39.681000,AVAXUSDT,False
767,163659611,94.76,2336.7816,True,24.66,2022-04-04T13:16:39.586000,AVAXUSDT,False
768,163659610,94.75,103.2775,True,1.09,2022-04-04T13:16:39.531000,AVAXUSDT,True
769,163659609,94.75,121.28,True,1.28,2022-04-04T13:16:39.531000,AVAXUSDT,True
770,163659608,94.75,249.1925,True,2.63,2022-04-04T13:16:39.531000,AVAXUSDT,True
771,163659607,94.75,99.4875,True,1.05,2022-04-04T13:16:39.531000,AVAXUSDT,True
772,163659606,94.75,19.8975,True,0.21,2022-04-04T13:16:39.531000,AVAXUSDT,True
773,163659605,94.75,19.8975,True,0.21,2022-04-04T13:16:39.531000,AVAXUSDT,True
774,163659604,94.75,18.95,True,0.2,2022-04-04T13:16:39.531000,AVAXUSDT,True
775,163659603,94.75,14.2125,True,0.15,2022-04-04T13:16:39.531000,AVAXUSDT,True
776,163659602,94.75,12.3175,True,0.13,2022-04-04T13:16:39.531000,AVAXUSDT,True
777,163659601,94.75,45.48,True,0.48,2022-04-04T13:16:39.531000,AVAXUSDT,True
778,163659600,94.75,49.27,True,0.52,2022-04-04T13:16:39.531000,AVAXUSDT,True
779,163659599,94.75,26.53,True,0.28,2022-04-04T13:16:39.531000,AVAXUSDT,True
780,163659598,94.75,13.265,True,0.14,2022-04-04T13:16:39.531000,AVAXUSDT,True
781,163659597,94.76,94.76,True,1.0,2022-04-04T13:16:39.531000,AVAXUSDT,True
782,163659596,94.78,15.1648,True,0.16,2022-04-04T13:16:39.106000,AVAXUSDT,False
783,163659595,94.78,94.78,True,1.0,2022-04-04T13:16:38.712000,AVAXUSDT,False
784,163659594,94.79,94.79,True,1.0,2022-04-04T13:16:38.554000,AVAXUSDT,True
785,163659593,94.78,34.1208,True,0.36,2022-04-04T13:16:37.541000,AVAXUSDT,True
786,163659592,94.78,726.0148,True,7.66,2022-04-04T13:16:36.889000,AVAXUSDT,True
787,163659591,94.79,96.6858,True,1.02,2022-04-04T13:16:36.880000,AVAXUSDT,False
788,163659590,94.79,6129.1214,True,64.66,2022-04-04T13:16:36.880000,AVAXUSDT,False
789,163659589,94.79,4966.996,True,52.4,2022-04-04T13:16:36.880000,AVAXUSDT,False
790,163659588,94.79,692.9149,True,7.31,2022-04-04T13:16:36.880000,AVAXUSDT,False
791,163659587,94.79,5001.1204,True,52.76,2022-04-04T13:16:36.880000,AVAXUSDT,False
792,163659586,94.79,3567.8956,True,37.64,2022-04-04T13:16:36.880000,AVAXUSDT,False
793,163659585,94.78,399.9716,True,4.22,2022-04-04T13:16:36.841000,AVAXUSDT,False
794,163659584,94.78,3236.737,True,34.15,2022-04-04T13:16:36.841000,AVAXUSDT,False
795,163659583,94.78,3544.772,True,37.4,2022-04-04T13:16:36.841000,AVAXUSDT,False
796,163659582,94.78,2878.4686,True,30.37,2022-04-04T13:16:36.841000,AVAXUSDT,False
797,163659581,94.77,3918.7395,True,41.35,2022-04-04T13:16:36.833000,AVAXUSDT,False
798,163659580,94.77,1343.8386,True,14.18,2022-04-04T13:16:36.833000,AVAXUSDT,False
799,163659579,94.77,906.9489,True,9.57,2022-04-04T13:16:36.768000,AVAXUSDT,False
800,163659578,94.77,14.2155,True,0.15,2022-04-04T13:16:36.080000,AVAXUSDT,False
801,163659577,94.77,204.7032,True,2.16,2022-04-04T13:16:35.870000,AVAXUSDT,False
802,163659576,94.77,99.5085,True,1.05,2022-04-04T13:16:35.634000,AVAXUSDT,False
803,163659575,94.77,774.2709,True,8.17,2022-04-04T13:16:35.392000,AVAXUSDT,False
804,163659574,94.77,247.3497,True,2.61,2022-04-04T13:16:35.288000,AVAXUSDT,False
805,163659573,94.77,31.2741,True,0.33,2022-04-04T13:16:34.421000,AVAXUSDT,False
806,163659572,94.77,758.16,True,8.0,2022-04-04T13:16:34.270000,AVAXUSDT,False
807,163659571,94.77,34.1172,True,0.36,2022-04-04T13:16:34.077000,AVAXUSDT,False
808,163659570,94.76,2304.5632,True,24.32,2022-04-04T13:16:33.752000,AVAXUSDT,False
809,163659569,94.76,685.1148,True,7.23,2022-04-04T13:16:33.704000,AVAXUSDT,False
810,163659568,94.76,94.76,True,1.0,2022-04-04T13:16:33.584000,AVAXUSDT,True
811,163659567,94.76,298.494,True,3.15,2022-04-04T13:16:33.584000,AVAXUSDT,True
812,163659566,94.76,231.2144,True,2.44,2022-04-04T13:16:33.396000,AVAXUSDT,True
813,163659565,94.76,758.08,True,8.0,2022-04-04T13:16:33.396000,AVAXUSDT,True
814,163659564,94.76,758.08,True,8.0,2022-04-04T13:16:33.396000,AVAXUSDT,True
815,163659563,94.76,758.08,True,8.0,2022-04-04T13:16:33.396000,AVAXUSDT,True
816,163659562,94.76,379.04,True,4.0,2022-04-04T13:16:33.396000,AVAXUSDT,True
817,163659561,94.76,4548.48,True,48.0,2022-04-04T13:16:33.396000,AVAXUSDT,True
818,163659560,94.76,157.3016,True,1.66,2022-04-04T13:16:33.396000,AVAXUSDT,True
819,163659559,94.76,22.7424,True,0.24,2022-04-04T13:16:33.396000,AVAXUSDT,True
820,163659558,94.76,142.14,True,1.5,2022-04-04T13:16:33.396000,AVAXUSDT,True
821,163659557,94.76,20.8472,True,0.22,2022-04-04T13:16:33.396000,AVAXUSDT,True
822,163659556,94.76,25.5852,True,0.27,2022-04-04T13:16:33.396000,AVAXUSDT,True
823,163659555,94.76,16.1092,True,0.17,2022-04-04T13:16:33.396000,AVAXUSDT,True
824,163659554,94.76,221.7384,True,2.34,2022-04-04T13:16:33.396000,AVAXUSDT,True
825,163659553,94.76,42.642,True,0.45,2022-04-04T13:16:33.396000,AVAXUSDT,True
826,163659552,94.77,11.3724,True,0.12,2022-04-04T13:16:33.396000,AVAXUSDT,True
827,163659551,94.78,62.5548,True,0.66,2022-04-04T13:16:33.178000,AVAXUSDT,False
828,163659550,94.78,626.4958,True,6.61,2022-04-04T13:16:32.556000,AVAXUSDT,False
829,163659549,94.77,16.1109,True,0.17,2022-04-04T13:16:32.424000,AVAXUSDT,False
830,163659548,94.77,151.632,True,1.6,2022-04-04T13:16:32.417000,AVAXUSDT,False
831,163659547,94.77,133.6257,True,1.41,2022-04-04T13:16:32.379000,AVAXUSDT,False
832,163659546,94.77,65.3913,True,0.69,2022-04-04T13:16:32.379000,AVAXUSDT,False
833,163659545,94.77,39.8034,True,0.42,2022-04-04T13:16:32.317000,AVAXUSDT,True
834,163659544,94.77,226.5003,True,2.39,2022-04-04T13:16:32.317000,AVAXUSDT,True
835,163659543,94.77,330.7473,True,3.49,2022-04-04T13:16:32.317000,AVAXUSDT,True
836,163659542,94.77,15.1632,True,0.16,2022-04-04T13:16:32.317000,AVAXUSDT,True
837,163659541,94.77,41.6988,True,0.44,2022-04-04T13:16:32.317000,AVAXUSDT,True
838,163659540,94.77,79.6068,True,0.84,2022-04-04T13:16:32.317000,AVAXUSDT,True
839,163659539,94.77,184.8015,True,1.95,2022-04-04T13:16:32.317000,AVAXUSDT,True
840,163659538,94.77,47.385,True,0.5,2022-04-04T13:16:32.317000,AVAXUSDT,True
841,163659537,94.77,24.6402,True,0.26,2022-04-04T13:16:32.317000,AVAXUSDT,True
842,163659536,94.77,29.3787,True,0.31,2022-04-04T13:16:32.317000,AVAXUSDT,True
843,163659535,94.78,149.7524,True,1.58,2022-04-04T13:16:32.317000,AVAXUSDT,True
844,163659534,94.78,345.947,True,3.65,2022-04-04T13:16:32.317000,AVAXUSDT,True
845,163659533,94.79,1153.5943,True,12.17,2022-04-04T13:16:32.217000,AVAXUSDT,True
846,163659532,94.79,248.3498,True,2.62,2022-04-04T13:16:32.217000,AVAXUSDT,True
847,163659531,94.79,521.345,True,5.5,2022-04-04T13:16:32.217000,AVAXUSDT,True
848,163659530,94.79,88.1547,True,0.93,2022-04-04T13:16:32.217000,AVAXUSDT,True
849,163659529,94.79,26.5412,True,0.28,2022-04-04T13:16:32.217000,AVAXUSDT,True
850,163659528,94.79,27.4891,True,0.29,2022-04-04T13:16:32.217000,AVAXUSDT,True
851,163659527,94.79,31.2807,True,0.33,2022-04-04T13:16:32.217000,AVAXUSDT,True
852,163659526,94.79,36.0202,True,0.38,2022-04-04T13:16:32.217000,AVAXUSDT,True
853,163659525,94.79,28.437,True,0.3,2022-04-04T13:16:32.217000,AVAXUSDT,True
854,163659524,94.79,65.4051,True,0.69,2022-04-04T13:16:32.217000,AVAXUSDT,True
855,163659523,94.79,40.7597,True,0.43,2022-04-04T13:16:32.217000,AVAXUSDT,True
856,163659522,94.79,30.3328,True,0.32,2022-04-04T13:16:32.217000,AVAXUSDT,True
857,163659521,94.8,871.212,True,9.19,2022-04-04T13:16:32.114000,AVAXUSDT,True
858,163659520,94.8,283.452,True,2.99,2022-04-04T13:16:32.114000,AVAXUSDT,True
859,163659519,94.8,284.4,True,3.0,2022-04-04T13:16:32.114000,AVAXUSDT,True
860,163659518,94.8,27.492,True,0.29,2022-04-04T13:16:32.114000,AVAXUSDT,True
861,163659517,94.8,24.648,True,0.26,2022-04-04T13:16:32.114000,AVAXUSDT,True
862,163659516,94.8,27.492,True,0.29,2022-04-04T13:16:32.114000,AVAXUSDT,True
863,163659515,94.8,16.116,True,0.17,2022-04-04T13:16:32.114000,AVAXUSDT,True
864,163659514,94.8,33.18,True,0.35,2022-04-04T13:16:32.114000,AVAXUSDT,True
865,163659511,94.8,5.688,True,0.06,2022-04-04T13:16:31.376000,AVAXUSDT,True
866,163659510,94.8,102.384,True,1.08,2022-04-04T13:16:31.376000,AVAXUSDT,True
867,163659509,94.8,200.976,True,2.12,2022-04-04T13:16:31.376000,AVAXUSDT,True
868,163659508,94.8,18.96,True,0.2,2022-04-04T13:16:31.376000,AVAXUSDT,True
869,163659507,94.8,23.7,True,0.25,2022-04-04T13:16:31.376000,AVAXUSDT,True
870,163659506,94.8,21.804,True,0.23,2022-04-04T13:16:31.376000,AVAXUSDT,True
871,163659505,94.81,660.8257,True,6.97,2022-04-04T13:16:31.142000,AVAXUSDT,False
872,163659504,94.81,39.8202,True,0.42,2022-04-04T13:16:31.142000,AVAXUSDT,False
873,163659503,94.81,341.316,True,3.6,2022-04-04T13:16:30.992000,AVAXUSDT,False
874,163659502,94.81,229.4402,True,2.42,2022-04-04T13:16:30.964000,AVAXUSDT,True
875,163659501,94.81,981.2835,True,10.35,2022-04-04T13:16:30.882000,AVAXUSDT,True
876,163659500,94.81,379.24,True,4.0,2022-04-04T13:16:30.882000,AVAXUSDT,True
877,163659499,94.83,51.2082,True,0.54,2022-04-04T13:16:30.819000,AVAXUSDT,True
878,163659498,94.83,134.6586,True,1.42,2022-04-04T13:16:30.457000,AVAXUSDT,True
879,163659497,94.83,232.3335,True,2.45,2022-04-04T13:16:30.457000,AVAXUSDT,True
880,163659496,94.83,2131.7784,True,22.48,2022-04-04T13:16:30.457000,AVAXUSDT,True
881,163659495,94.82,2309.8152,True,24.36,2022-04-04T13:16:30.330000,AVAXUSDT,True
882,163659494,94.82,94.82,True,1.0,2022-04-04T13:16:30.330000,AVAXUSDT,True
883,163659493,94.82,94.82,True,1.0,2022-04-04T13:16:30.330000,AVAXUSDT,True
884,163659492,94.82,538.5776,True,5.68,2022-04-04T13:16:30.227000,AVAXUSDT,True
885,163659491,94.82,1960.8776,True,20.68,2022-04-04T13:16:30.227000,AVAXUSDT,True
886,163659490,94.82,2499.4552,True,26.36,2022-04-04T13:16:30.130000,AVAXUSDT,True
887,163659489,94.81,474.05,True,5.0,2022-04-04T13:16:30.027000,AVAXUSDT,True
888,163659488,94.81,174.4504,True,1.84,2022-04-04T13:16:30.027000,AVAXUSDT,True
889,163659487,94.81,28.443,True,0.3,2022-04-04T13:16:30.027000,AVAXUSDT,True
890,163659486,94.81,49.3012,True,0.52,2022-04-04T13:16:30.027000,AVAXUSDT,True
891,163659485,94.81,255.0389,True,2.69,2022-04-04T13:16:30.027000,AVAXUSDT,True
892,163659484,94.81,19.9101,True,0.21,2022-04-04T13:16:30.027000,AVAXUSDT,True
893,163659483,94.82,199.122,True,2.1,2022-04-04T13:16:29.810000,AVAXUSDT,False
894,163659482,94.82,566.0754,True,5.97,2022-04-04T13:16:29.761000,AVAXUSDT,False
895,163659481,94.82,682.704,True,7.2,2022-04-04T13:16:29.650000,AVAXUSDT,True
896,163659480,94.82,25.6014,True,0.27,2022-04-04T13:16:29.650000,AVAXUSDT,True
897,163659479,94.82,28.446,True,0.3,2022-04-04T13:16:29.650000,AVAXUSDT,True
898,163659478,94.82,21.8086,True,0.23,2022-04-04T13:16:29.650000,AVAXUSDT,True
899,163659477,94.84,43.6264,True,0.46,2022-04-04T13:16:29.616000,AVAXUSDT,True
900,163659476,94.84,373.6696,True,3.94,2022-04-04T13:16:29.616000,AVAXUSDT,True
901,163659475,94.84,90.098,True,0.95,2022-04-04T13:16:29.616000,AVAXUSDT,True
902,163659474,94.84,94.84,True,1.0,2022-04-04T13:16:29.616000,AVAXUSDT,True
903,163659473,94.84,1896.8,True,20.0,2022-04-04T13:16:29.616000,AVAXUSDT,True
904,163659472,94.85,386.0395,True,4.07,2022-04-04T13:16:29.512000,AVAXUSDT,True
905,163659471,94.85,225.743,True,2.38,2022-04-04T13:16:29.512000,AVAXUSDT,True
906,163659470,94.85,448.6405,True,4.73,2022-04-04T13:16:29.512000,AVAXUSDT,True
907,163659469,94.85,149.863,True,1.58,2022-04-04T13:16:29.512000,AVAXUSDT,True
908,163659468,94.86,94.86,True,1.0,2022-04-04T13:16:29.376000,AVAXUSDT,True
909,163659467,94.86,79.6824,True,0.84,2022-04-04T13:16:29.376000,AVAXUSDT,True
910,163659466,94.86,1897.2,True,20.0,2022-04-04T13:16:29.376000,AVAXUSDT,True
911,163659465,94.87,98.6648,True,1.04,2022-04-04T13:16:29.164000,AVAXUSDT,False
912,163659464,94.87,37.948,True,0.4,2022-04-04T13:16:28.968000,AVAXUSDT,False
913,163659463,94.85,370.8635,True,3.91,2022-04-04T13:16:28.123000,AVAXUSDT,True
914,163659462,94.85,371.812,True,3.92,2022-04-04T13:16:28.123000,AVAXUSDT,True
915,163659461,94.85,245.6615,True,2.59,2022-04-04T13:16:28.123000,AVAXUSDT,True
916,163659460,94.86,11.3832,True,0.12,2022-04-04T13:16:28.123000,AVAXUSDT,True
917,163659459,94.86,556.8282,True,5.87,2022-04-04T13:16:27.407000,AVAXUSDT,True
918,163659458,94.86,381.3372,True,4.02,2022-04-04T13:16:27.228000,AVAXUSDT,True
919,163659457,94.85,90.1075,True,0.95,2022-04-04T13:16:27.212000,AVAXUSDT,True
920,163659456,94.85,1897.0,True,20.0,2022-04-04T13:16:27.212000,AVAXUSDT,True
921,163659455,94.85,99.5925,True,1.05,2022-04-04T13:16:27.212000,AVAXUSDT,True
922,163659454,94.85,1252.9685,True,13.21,2022-04-04T13:16:27.119000,AVAXUSDT,False
923,163659453,94.84,3927.3244,True,41.41,2022-04-04T13:16:27.079000,AVAXUSDT,False
924,163659452,94.84,4285.8196,True,45.19,2022-04-04T13:16:27.079000,AVAXUSDT,False
925,163659451,94.84,235.2032,True,2.48,2022-04-04T13:16:27.079000,AVAXUSDT,False
926,163659450,94.84,1823.7732,True,19.23,2022-04-04T13:16:27.079000,AVAXUSDT,False
927,163659449,94.83,219.0573,True,2.31,2022-04-04T13:16:27.052000,AVAXUSDT,False
928,163659448,94.83,99.5715,True,1.05,2022-04-04T13:16:27.052000,AVAXUSDT,False
929,163659447,94.83,1896.6,True,20.0,2022-04-04T13:16:27.052000,AVAXUSDT,False
930,163659446,94.83,1815.9945,True,19.15,2022-04-04T13:16:26.984000,AVAXUSDT,True
931,163659445,94.84,422.9864,True,4.46,2022-04-04T13:16:26.977000,AVAXUSDT,False
932,163659444,94.84,3710.1408,True,39.12,2022-04-04T13:16:26.977000,AVAXUSDT,False
933,163659443,94.84,1580.9828,True,16.67,2022-04-04T13:16:26.974000,AVAXUSDT,False
934,163659442,94.83,1074.4239,True,11.33,2022-04-04T13:16:26.974000,AVAXUSDT,True
935,163659441,94.84,8526.116,True,89.9,2022-04-04T13:16:26.961000,AVAXUSDT,False
936,163659440,94.84,1896.8,True,20.0,2022-04-04T13:16:26.961000,AVAXUSDT,False
937,163659439,94.83,2325.2316,True,24.52,2022-04-04T13:16:26.899000,AVAXUSDT,True
938,163659438,94.83,189.66,True,2.0,2022-04-04T13:16:26.899000,AVAXUSDT,True
939,163659437,94.83,301.5594,True,3.18,2022-04-04T13:16:26.899000,AVAXUSDT,True
940,163659436,94.83,462.7704,True,4.88,2022-04-04T13:16:26.899000,AVAXUSDT,True
941,163659435,94.83,29.3973,True,0.31,2022-04-04T13:16:26.899000,AVAXUSDT,True
942,163659434,94.85,644.0315,True,6.79,2022-04-04T13:16:26.844000,AVAXUSDT,False
943,163659433,94.85,380.3485,True,4.01,2022-04-04T13:16:26.844000,AVAXUSDT,False
944,163659432,94.84,8912.1148,True,93.97,2022-04-04T13:16:26.843000,AVAXUSDT,True
945,163659431,94.84,521.62,True,5.5,2022-04-04T13:16:26.843000,AVAXUSDT,True
946,163659430,94.84,23.71,True,0.25,2022-04-04T13:16:26.843000,AVAXUSDT,True
947,163659429,94.84,27.5036,True,0.29,2022-04-04T13:16:26.843000,AVAXUSDT,True
948,163659428,94.84,19.9164,True,0.21,2022-04-04T13:16:26.843000,AVAXUSDT,True
949,163659427,94.85,371.812,True,3.92,2022-04-04T13:16:26.833000,AVAXUSDT,True
950,163659426,94.85,44.5795,True,0.47,2022-04-04T13:16:26.833000,AVAXUSDT,True
951,163659425,94.85,51.219,True,0.54,2022-04-04T13:16:26.833000,AVAXUSDT,True
952,163659424,94.85,27.5065,True,0.29,2022-04-04T13:16:26.833000,AVAXUSDT,True
953,163659370,94.92,99.666,True,1.05,2022-04-04T13:16:25.591000,AVAXUSDT,False
954,163659369,94.92,4556.16,True,48.0,2022-04-04T13:16:25.591000,AVAXUSDT,False
955,163659368,94.91,13.2874,True,0.14,2022-04-04T13:16:22.540000,AVAXUSDT,True
956,163659367,94.91,18.0329,True,0.19,2022-04-04T13:16:22.434000,AVAXUSDT,True
957,163659366,94.92,47.46,True,0.5,2022-04-04T13:16:22.430000,AVAXUSDT,False
958,163659365,94.92,3573.738,True,37.65,2022-04-04T13:16:21.446000,AVAXUSDT,False
959,163659364,94.92,3572.7888,True,37.64,2022-04-04T13:16:21.446000,AVAXUSDT,False
960,163659363,94.94,94.94,True,1.0,2022-04-04T13:16:20.102000,AVAXUSDT,False
961,163659362,94.94,3437.7774,True,36.21,2022-04-04T13:16:20.102000,AVAXUSDT,False
962,163659361,94.94,1537.0786,True,16.19,2022-04-04T13:16:20.092000,AVAXUSDT,False
963,163659360,94.94,768.0646,True,8.09,2022-04-04T13:16:20.092000,AVAXUSDT,False
964,163659359,94.94,4233.3746,True,44.59,2022-04-04T13:16:20.074000,AVAXUSDT,False
965,163659358,94.94,3499.4884,True,36.86,2022-04-04T13:16:20.074000,AVAXUSDT,False
966,163659357,94.93,616.0957,True,6.49,2022-04-04T13:16:20.053000,AVAXUSDT,False
967,163659356,94.93,211.6939,True,2.23,2022-04-04T13:16:20.053000,AVAXUSDT,False
968,163659355,94.93,3925.3555,True,41.35,2022-04-04T13:16:20.053000,AVAXUSDT,False
969,163659354,94.92,1529.1612,True,16.11,2022-04-04T13:16:20.053000,AVAXUSDT,False
970,163659353,94.92,2189.8044,True,23.07,2022-04-04T13:16:20.053000,AVAXUSDT,False
971,163659352,94.92,1360.2036,True,14.33,2022-04-04T13:16:20.053000,AVAXUSDT,False
972,163659351,94.92,1536.7548,True,16.19,2022-04-04T13:16:20.035000,AVAXUSDT,False
973,163659350,94.92,4556.16,True,48.0,2022-04-04T13:16:20.035000,AVAXUSDT,False
974,163659349,94.92,178.4496,True,1.88,2022-04-04T13:16:20.035000,AVAXUSDT,False
975,163659348,94.92,49.3584,True,0.52,2022-04-04T13:16:19.328000,AVAXUSDT,False
976,163659347,94.92,499.2792,True,5.26,2022-04-04T13:16:19.324000,AVAXUSDT,False
977,163659346,94.94,94.94,True,1.0,2022-04-04T13:16:18.600000,AVAXUSDT,True
978,163659345,94.94,597.1726,True,6.29,2022-04-04T13:16:17.990000,AVAXUSDT,True
979,163659344,94.93,201.2516,True,2.12,2022-04-04T13:16:17.486000,AVAXUSDT,True
980,163659343,94.93,798.3613,True,8.41,2022-04-04T13:16:17.486000,AVAXUSDT,True
981,163659342,94.94,434.8252,True,4.58,2022-04-04T13:16:17.485000,AVAXUSDT,False
982,163659341,94.93,2327.6836,True,24.52,2022-04-04T13:16:17.040000,AVAXUSDT,False
983,163659340,94.93,7165.3164,True,75.48,2022-04-04T13:16:17.040000,AVAXUSDT,False
984,163659339,94.92,307.5408,True,3.24,2022-04-04T13:16:16.712000,AVAXUSDT,False
985,163659338,94.91,2671.7165,True,28.15,2022-04-04T13:16:16.622000,AVAXUSDT,False
986,163659337,94.91,400.5202,True,4.22,2022-04-04T13:16:16.602000,AVAXUSDT,False
987,163659336,94.91,546.6816,True,5.76,2022-04-04T13:16:16.602000,AVAXUSDT,False
988,163659335,94.91,456.5171,True,4.81,2022-04-04T13:16:16.536000,AVAXUSDT,False
989,163659334,94.91,85.419,True,0.9,2022-04-04T13:16:16.463000,AVAXUSDT,False
990,163659333,94.91,323.6431,True,3.41,2022-04-04T13:16:16.388000,AVAXUSDT,False
991,163659332,94.91,111.0447,True,1.17,2022-04-04T13:16:16.323000,AVAXUSDT,False
992,163659331,94.91,589.3911,True,6.21,2022-04-04T13:16:16.323000,AVAXUSDT,False
993,163659330,94.91,379.64,True,4.0,2022-04-04T13:16:16.323000,AVAXUSDT,False
994,163659329,94.92,626.472,True,6.6,2022-04-04T13:16:15.881000,AVAXUSDT,False
995,163659328,94.92,794.4804,True,8.37,2022-04-04T13:16:15.821000,AVAXUSDT,False
996,163659327,94.92,1075.4436,True,11.33,2022-04-04T13:16:15.821000,AVAXUSDT,False
997,163659326,94.92,798.2772,True,8.41,2022-04-04T13:16:15.821000,AVAXUSDT,False
998,163659325,94.91,36.0658,True,0.38,2022-04-04T13:16:15.726000,AVAXUSDT,True
999,163659324,94.91,4211.1567,True,44.37,2022-04-04T13:16:15.726000,AVAXUSDT,True
1000,163659323,94.91,7138.1811,True,75.21,2022-04-04T13:16:15.726000,AVAXUSDT,True
1001,163659322,94.92,4642.5372,True,48.91,2022-04-04T13:16:15.726000,AVAXUSDT,True
1002,163659321,94.92,99.666,True,1.05,2022-04-04T13:16:15.726000,AVAXUSDT,True
1003,163659320,94.92,727.0872,True,7.66,2022-04-04T13:16:15.726000,AVAXUSDT,True
1004,163659319,94.92,379.68,True,4.0,2022-04-04T13:16:15.726000,AVAXUSDT,True
1005,163659318,94.92,561.9264,True,5.92,2022-04-04T13:16:15.726000,AVAXUSDT,True
1006,163659317,94.92,1104.8688,True,11.64,2022-04-04T13:16:15.610000,AVAXUSDT,False
1007,163659316,94.92,2709.0168,True,28.54,2022-04-04T13:16:15.552000,AVAXUSDT,False
1008,163659315,94.92,67.3932,True,0.71,2022-04-04T13:16:15.520000,AVAXUSDT,False
1009,163659314,94.92,78.7836,True,0.83,2022-04-04T13:16:15.488000,AVAXUSDT,False
1010,163659313,94.92,148.0752,True,1.56,2022-04-04T13:16:15.488000,AVAXUSDT,False
1011,163659312,94.92,578.0628,True,6.09,2022-04-04T13:16:15.458000,AVAXUSDT,False
1012,163659311,94.92,1898.4,True,20.0,2022-04-04T13:16:15.458000,AVAXUSDT,False
1013,163659310,94.92,981.4728,True,10.34,2022-04-04T13:16:15.430000,AVAXUSDT,True
1014,163659309,94.92,187.9416,True,1.98,2022-04-04T13:16:15.430000,AVAXUSDT,True
1015,163659308,94.93,243.9701,True,2.57,2022-04-04T13:16:15.279000,AVAXUSDT,False
1016,163659307,94.93,34.1748,True,0.36,2022-04-04T13:16:15.232000,AVAXUSDT,True
1017,163659306,94.93,115.8146,True,1.22,2022-04-04T13:16:15.025000,AVAXUSDT,True
1018,163659305,94.93,194.6065,True,2.05,2022-04-04T13:16:15.025000,AVAXUSDT,True
1019,163659304,94.93,280.0435,True,2.95,2022-04-04T13:16:15.021000,AVAXUSDT,True
1020,163659303,94.94,67.4074,True,0.71,2022-04-04T13:16:14.989000,AVAXUSDT,True
1021,163659302,94.95,223.1325,True,2.35,2022-04-04T13:16:14.801000,AVAXUSDT,True
1022,163659301,94.95,231.678,True,2.44,2022-04-04T13:16:14.761000,AVAXUSDT,True
1023,163659300,94.95,710.226,True,7.48,2022-04-04T13:16:14.743000,AVAXUSDT,True
1024,163659299,94.96,609.6432,True,6.42,2022-04-04T13:16:14.273000,AVAXUSDT,True
1025,163659298,94.96,1140.4696,True,12.01,2022-04-04T13:16:14.273000,AVAXUSDT,True
1026,163659297,94.97,355.1878,True,3.74,2022-04-04T13:16:13.981000,AVAXUSDT,False
1027,163659296,94.98,88.3314,True,0.93,2022-04-04T13:16:13.618000,AVAXUSDT,True
1028,163659295,94.99,10.4489,True,0.11,2022-04-04T13:16:13.272000,AVAXUSDT,False
1029,163659294,94.99,397.0582,True,4.18,2022-04-04T13:16:12.363000,AVAXUSDT,True
1030,163659293,94.99,1520.7899,True,16.01,2022-04-04T13:16:12.363000,AVAXUSDT,True
1031,163659292,94.99,226.0762,True,2.38,2022-04-04T13:16:12.363000,AVAXUSDT,True
1032,163659291,94.99,41.7956,True,0.44,2022-04-04T13:16:12.363000,AVAXUSDT,True
1033,163659290,94.99,19.9479,True,0.21,2022-04-04T13:16:12.342000,AVAXUSDT,True
1034,163659289,95.0,630.8,True,6.64,2022-04-04T13:16:12.342000,AVAXUSDT,True
1035,163659288,95.0,1105.8,True,11.64,2022-04-04T13:16:12.342000,AVAXUSDT,True
1036,163659287,95.0,553.85,True,5.83,2022-04-04T13:16:12.342000,AVAXUSDT,True
1037,163659286,95.0,725.8,True,7.64,2022-04-04T13:16:12.342000,AVAXUSDT,True
1038,163659285,95.0,760.0,True,8.0,2022-04-04T13:16:12.313000,AVAXUSDT,True
1039,163659284,95.0,228.0,True,2.4,2022-04-04T13:16:12.313000,AVAXUSDT,True
1040,163659283,95.0,703.95,True,7.41,2022-04-04T13:16:12.313000,AVAXUSDT,True
1041,163659282,95.0,1405.05,True,14.79,2022-04-04T13:16:12.313000,AVAXUSDT,True
1042,163659281,95.0,16.15,True,0.17,2022-04-04T13:16:12.313000,AVAXUSDT,True
1043,163659280,95.0,150.1,True,1.58,2022-04-04T13:16:12.313000,AVAXUSDT,True
1044,163659279,95.01,15.2016,True,0.16,2022-04-04T13:16:11.362000,AVAXUSDT,True
1045,163659278,95.01,239.4252,True,2.52,2022-04-04T13:16:11.362000,AVAXUSDT,True
1046,163659277,95.01,19.9521,True,0.21,2022-04-04T13:16:11.362000,AVAXUSDT,True
1047,163659276,95.01,2587.1223,True,27.23,2022-04-04T13:16:11.362000,AVAXUSDT,True
1048,163659275,95.02,40.8586,True,0.43,2022-04-04T13:16:10.534000,AVAXUSDT,True
1049,163659274,95.03,760.24,True,8.0,2022-04-04T13:16:10.280000,AVAXUSDT,True
1050,163659273,95.03,95.03,True,1.0,2022-04-04T13:16:10.280000,AVAXUSDT,True
1051,163659272,95.03,95.03,True,1.0,2022-04-04T13:16:10.280000,AVAXUSDT,True
1052,163659271,95.02,324.0182,True,3.41,2022-04-04T13:16:08.007000,AVAXUSDT,False
1053,163659270,95.02,562.5184,True,5.92,2022-04-04T13:16:07.507000,AVAXUSDT,False
1054,163659269,95.02,408.586,True,4.3,2022-04-04T13:16:07.452000,AVAXUSDT,True
1055,163659268,95.03,48.4653,True,0.51,2022-04-04T13:16:07.307000,AVAXUSDT,False
1056,163659267,95.03,113.0857,True,1.19,2022-04-04T13:16:07.126000,AVAXUSDT,True
1057,163659266,95.04,95.04,True,1.0,2022-04-04T13:16:07.126000,AVAXUSDT,True
1058,163659265,95.05,950.5,True,10.0,2022-04-04T13:16:06.846000,AVAXUSDT,True
1059,163659264,95.05,11.406,True,0.12,2022-04-04T13:16:06.846000,AVAXUSDT,True
1060,163659263,95.05,32.317,True,0.34,2022-04-04T13:16:06.846000,AVAXUSDT,True
1061,163659262,95.05,62.733,True,0.66,2022-04-04T13:16:06.504000,AVAXUSDT,True
1062,163659261,95.05,366.893,True,3.86,2022-04-04T13:16:05.714000,AVAXUSDT,False
1063,163659260,95.05,3024.491,True,31.82,2022-04-04T13:16:05.714000,AVAXUSDT,False
1064,163659259,95.05,808.8755,True,8.51,2022-04-04T13:16:05.714000,AVAXUSDT,False
1065,163659258,95.04,2123.1936,True,22.34,2022-04-04T13:16:05.689000,AVAXUSDT,False
1066,163659257,95.04,4561.92,True,48.0,2022-04-04T13:16:05.689000,AVAXUSDT,False
1067,163659256,95.03,540.7207,True,5.69,2022-04-04T13:16:05.672000,AVAXUSDT,False
1068,163659255,95.03,582.5339,True,6.13,2022-04-04T13:16:05.055000,AVAXUSDT,False
1069,163659254,95.02,95.9702,True,1.01,2022-04-04T13:16:03.921000,AVAXUSDT,True
1070,163659253,95.03,606.2914,True,6.38,2022-04-04T13:16:03.854000,AVAXUSDT,False
1071,163659252,95.04,41.8176,True,0.44,2022-04-04T13:16:03.811000,AVAXUSDT,False
1072,163659251,95.03,199.563,True,2.1,2022-04-04T13:16:03.808000,AVAXUSDT,True
1073,163659250,95.05,127.367,True,1.34,2022-04-04T13:16:03.115000,AVAXUSDT,False
1074,163659249,95.05,383.0515,True,4.03,2022-04-04T13:16:03.115000,AVAXUSDT,False
1075,163659248,95.04,533.1744,True,5.61,2022-04-04T13:16:03.058000,AVAXUSDT,False
1076,163659247,95.04,235.6992,True,2.48,2022-04-04T13:16:03.029000,AVAXUSDT,False
1077,163659246,95.04,2441.5776,True,25.69,2022-04-04T13:16:03.029000,AVAXUSDT,False
1078,163659245,95.05,2481.7555,True,26.11,2022-04-04T13:16:02.858000,AVAXUSDT,False
1079,163659244,95.05,2654.7465,True,27.93,2022-04-04T13:16:02.828000,AVAXUSDT,False
1080,163659243,95.06,2529.5466,True,26.61,2022-04-04T13:16:02.762000,AVAXUSDT,False
1081,163659242,95.06,3408.8516,True,35.86,2022-04-04T13:16:02.673000,AVAXUSDT,True
1082,163659241,95.06,95.06,True,1.0,2022-04-04T13:16:02.673000,AVAXUSDT,True
1083,163659240,95.07,95.07,True,1.0,2022-04-04T13:16:02.622000,AVAXUSDT,True
1084,163659239,95.07,1371.8601,True,14.43,2022-04-04T13:16:02.622000,AVAXUSDT,True
1085,163659238,95.08,96.0308,True,1.01,2022-04-04T13:16:01.749000,AVAXUSDT,False
1086,163659237,95.07,59.8941,True,0.63,2022-04-04T13:15:59.740000,AVAXUSDT,False
1087,163659236,95.07,99.8235,True,1.05,2022-04-04T13:15:59.740000,AVAXUSDT,False
1088,163659235,95.08,950.8,True,10.0,2022-04-04T13:15:59.290000,AVAXUSDT,True
1089,163659234,95.09,18.0671,True,0.19,2022-04-04T13:15:58.444000,AVAXUSDT,True
1090,163659233,95.09,168.3093,True,1.77,2022-04-04T13:15:58.444000,AVAXUSDT,True
1091,163659232,95.1,34.236,True,0.36,2022-04-04T13:15:58.381000,AVAXUSDT,True
1092,163659231,95.1,95.1,True,1.0,2022-04-04T13:15:58.381000,AVAXUSDT,True
1093,163659230,95.09,47.545,True,0.5,2022-04-04T13:15:57.266000,AVAXUSDT,True
1094,163659229,95.1,119.826,True,1.26,2022-04-04T13:15:57.177000,AVAXUSDT,False
1095,163659228,95.09,199.689,True,2.1,2022-04-04T13:15:56.319000,AVAXUSDT,True
1096,163659227,95.09,6318.7305,True,66.45,2022-04-04T13:15:56.319000,AVAXUSDT,True
1097,163659226,95.09,11.4108,True,0.12,2022-04-04T13:15:56.319000,AVAXUSDT,True
1098,163659225,95.09,1134.4237,True,11.93,2022-04-04T13:15:56.319000,AVAXUSDT,True
1099,163659224,95.09,950.9,True,10.0,2022-04-04T13:15:56.319000,AVAXUSDT,True
1100,163659223,95.09,3931.9715,True,41.35,2022-04-04T13:15:56.319000,AVAXUSDT,True
1101,163659222,95.09,200.6399,True,2.11,2022-04-04T13:15:56.319000,AVAXUSDT,True
1102,163659221,95.09,190.18,True,2.0,2022-04-04T13:15:56.319000,AVAXUSDT,True
1103,163659220,95.09,95.09,True,1.0,2022-04-04T13:15:56.319000,AVAXUSDT,True
1104,163659219,95.09,5429.639,True,57.1,2022-04-04T13:15:56.319000,AVAXUSDT,True
1105,163659218,95.1,1593.876,True,16.76,2022-04-04T13:15:56.165000,AVAXUSDT,False
1106,163659217,95.09,424.1014,True,4.46,2022-04-04T13:15:54.642000,AVAXUSDT,False
1107,163659216,95.09,637.103,True,6.7,2022-04-04T13:15:54.639000,AVAXUSDT,False
1108,163659215,95.09,328.0605,True,3.45,2022-04-04T13:15:54.639000,AVAXUSDT,False
1109,163659214,95.09,38.9869,True,0.41,2022-04-04T13:15:54.628000,AVAXUSDT,False
1110,163659213,95.09,855.81,True,9.0,2022-04-04T13:15:54.619000,AVAXUSDT,False
1111,163659212,95.08,533.3988,True,5.61,2022-04-04T13:15:53.969000,AVAXUSDT,True
1112,163659211,95.08,150.2264,True,1.58,2022-04-04T13:15:52.861000,AVAXUSDT,False
1113,163659210,95.08,754.9352,True,7.94,2022-04-04T13:15:52.594000,AVAXUSDT,False
1114,163659209,95.08,88.4244,True,0.93,2022-04-04T13:15:52.594000,AVAXUSDT,False
1115,163659208,95.07,103.6263,True,1.09,2022-04-04T13:15:52.108000,AVAXUSDT,True
1116,163659207,95.05,662.4985,True,6.97,2022-04-04T13:15:50.566000,AVAXUSDT,False
1117,163659206,95.04,95.04,True,1.0,2022-04-04T13:15:50.566000,AVAXUSDT,False
1118,163659205,95.02,327.819,True,3.45,2022-04-04T13:15:49.266000,AVAXUSDT,True
1119,163659204,95.03,95.03,True,1.0,2022-04-04T13:15:48.702000,AVAXUSDT,False
1120,163659203,95.02,1395.8438,True,14.69,2022-04-04T13:15:47.396000,AVAXUSDT,False
1121,163659202,95.02,73.1654,True,0.77,2022-04-04T13:15:46.292000,AVAXUSDT,False
1122,163659201,95.01,1739.6331,True,18.31,2022-04-04T13:15:45.933000,AVAXUSDT,False
1123,163659200,95.0,359.1,True,3.78,2022-04-04T13:15:45.498000,AVAXUSDT,False
1124,163659199,95.0,5000.8,True,52.64,2022-04-04T13:15:45.498000,AVAXUSDT,False
1125,163659198,94.99,474.95,True,5.0,2022-04-04T13:15:45.494000,AVAXUSDT,False
1126,163659197,94.99,2256.9624,True,23.76,2022-04-04T13:15:45.490000,AVAXUSDT,False
1127,163659196,94.99,769.419,True,8.1,2022-04-04T13:15:45.267000,AVAXUSDT,False
1128,163659195,94.99,949.9,True,10.0,2022-04-04T13:15:45.231000,AVAXUSDT,True
1129,163659194,94.99,445.5031,True,4.69,2022-04-04T13:15:45.231000,AVAXUSDT,True
1130,163659193,95.0,19.0,True,0.2,2022-04-04T13:15:45.005000,AVAXUSDT,False
1131,163659192,95.0,726.75,True,7.65,2022-04-04T13:15:43.415000,AVAXUSDT,False
1132,163659191,94.98,239.3496,True,2.52,2022-04-04T13:15:43.082000,AVAXUSDT,False
1133,163659190,94.98,4555.2408,True,47.96,2022-04-04T13:15:42.786000,AVAXUSDT,False
1134,163659189,94.96,414.0256,True,4.36,2022-04-04T13:15:41.443000,AVAXUSDT,True
1135,163659188,94.96,687.5104,True,7.24,2022-04-04T13:15:41.432000,AVAXUSDT,True
1136,163659187,94.96,75.968,True,0.8,2022-04-04T13:15:41.432000,AVAXUSDT,True
1137,163659186,94.97,94.97,True,1.0,2022-04-04T13:15:41.086000,AVAXUSDT,False
1138,163659185,94.97,34.1892,True,0.36,2022-04-04T13:15:40.942000,AVAXUSDT,False
1139,163659184,94.97,379.88,True,4.0,2022-04-04T13:15:40.942000,AVAXUSDT,False
1140,163659183,94.97,725.5708,True,7.64,2022-04-04T13:15:40.942000,AVAXUSDT,False
1141,163659182,94.99,94.99,True,1.0,2022-04-04T13:15:40.792000,AVAXUSDT,True
1142,163659181,95.01,950.1,True,10.0,2022-04-04T13:15:40.513000,AVAXUSDT,True
1143,163659180,95.01,95.01,True,1.0,2022-04-04T13:15:40.513000,AVAXUSDT,True
1144,163659179,95.01,280.2795,True,2.95,2022-04-04T13:15:38.079000,AVAXUSDT,True
1145,163659178,95.01,1875.4974,True,19.74,2022-04-04T13:15:36.402000,AVAXUSDT,True
1146,163659177,95.01,1963.8567,True,20.67,2022-04-04T13:15:36.402000,AVAXUSDT,True
1147,163659176,95.0,191.9,True,2.02,2022-04-04T13:15:35.858000,AVAXUSDT,True
1148,163659175,95.0,928.15,True,9.77,2022-04-04T13:15:35.830000,AVAXUSDT,False
1149,163659174,94.99,1351.7077,True,14.23,2022-04-04T13:15:34.665000,AVAXUSDT,True
1150,163659173,94.99,94.99,True,1.0,2022-04-04T13:15:34.665000,AVAXUSDT,True
1151,163659172,94.99,581.3388,True,6.12,2022-04-04T13:15:34.665000,AVAXUSDT,True
1152,163659171,94.99,279.2706,True,2.94,2022-04-04T13:15:33.443000,AVAXUSDT,True
1153,163659170,94.99,54.1443,True,0.57,2022-04-04T13:15:33.157000,AVAXUSDT,True
1154,163659169,95.0,95.0,True,1.0,2022-04-04T13:15:31.964000,AVAXUSDT,False
1155,163659168,94.97,11.3964,True,0.12,2022-04-04T13:15:31.176000,AVAXUSDT,False
1156,163659167,94.96,1519.36,True,16.0,2022-04-04T13:15:29.619000,AVAXUSDT,True
1157,163659166,94.96,34.1856,True,0.36,2022-04-04T13:15:27.740000,AVAXUSDT,True
1158,163659165,94.97,380.8297,True,4.01,2022-04-04T13:15:27.465000,AVAXUSDT,False
1159,163659164,94.97,373.2321,True,3.93,2022-04-04T13:15:27.435000,AVAXUSDT,False
1160,163659163,94.97,1171.9298,True,12.34,2022-04-04T13:15:27.435000,AVAXUSDT,False
1161,163659162,94.97,1169.0807,True,12.31,2022-04-04T13:15:27.435000,AVAXUSDT,False
1162,163659161,94.95,94.95,True,1.0,2022-04-04T13:15:27.416000,AVAXUSDT,True
1163,163659160,94.95,1640.736,True,17.28,2022-04-04T13:15:27.416000,AVAXUSDT,True
1164,163659159,94.95,3573.918,True,37.64,2022-04-04T13:15:27.416000,AVAXUSDT,True
1165,163659158,94.95,3445.7355,True,36.29,2022-04-04T13:15:27.416000,AVAXUSDT,True
1166,163659157,94.95,118.6875,True,1.25,2022-04-04T13:15:27.416000,AVAXUSDT,True
1167,163659156,94.96,171.8776,True,1.81,2022-04-04T13:15:27.416000,AVAXUSDT,True
1168,163659155,94.96,3290.364,True,34.65,2022-04-04T13:15:27.416000,AVAXUSDT,True
1169,163659154,94.96,94.96,True,1.0,2022-04-04T13:15:27.416000,AVAXUSDT,True
1170,163659153,94.96,725.4944,True,7.64,2022-04-04T13:15:27.416000,AVAXUSDT,True
1171,163659152,94.96,379.84,True,4.0,2022-04-04T13:15:27.416000,AVAXUSDT,True
1172,163659151,94.96,1637.1104,True,17.24,2022-04-04T13:15:27.416000,AVAXUSDT,True
1173,163659150,94.96,1899.2,True,20.0,2022-04-04T13:15:27.416000,AVAXUSDT,True
1174,163659149,94.97,2384.6967,True,25.11,2022-04-04T13:15:27.404000,AVAXUSDT,False
1175,163659148,94.97,633.4499,True,6.67,2022-04-04T13:15:27.378000,AVAXUSDT,False
1176,163659147,94.97,1881.3557,True,19.81,2022-04-04T13:15:27.378000,AVAXUSDT,False
1177,163659146,94.96,895.4728,True,9.43,2022-04-04T13:15:27.321000,AVAXUSDT,False
1178,163659144,94.96,2095.7672,True,22.07,2022-04-04T13:15:27.233000,AVAXUSDT,False
1179,163659143,94.96,425.4208,True,4.48,2022-04-04T13:15:27.233000,AVAXUSDT,False
1180,163659142,94.96,2457.5648,True,25.88,2022-04-04T13:15:27.171000,AVAXUSDT,False
1181,163659141,94.96,691.3088,True,7.28,2022-04-04T13:15:26.996000,AVAXUSDT,False
1182,163659140,94.95,2499.084,True,26.32,2022-04-04T13:15:26.988000,AVAXUSDT,True
1183,163659139,94.95,341.82,True,3.6,2022-04-04T13:15:26.959000,AVAXUSDT,False
1184,163659138,94.95,1319.805,True,13.9,2022-04-04T13:15:26.959000,AVAXUSDT,False
1185,163659137,94.95,129.132,True,1.36,2022-04-04T13:15:26.892000,AVAXUSDT,False
1186,163659136,94.95,450.063,True,4.74,2022-04-04T13:15:26.881000,AVAXUSDT,False
1187,163659135,94.95,1032.1065,True,10.87,2022-04-04T13:15:26.881000,AVAXUSDT,False
1188,163659134,94.95,1448.937,True,15.26,2022-04-04T13:15:26.871000,AVAXUSDT,False
1189,163659133,94.95,146.223,True,1.54,2022-04-04T13:15:26.859000,AVAXUSDT,False
1190,163659132,94.95,1184.976,True,12.48,2022-04-04T13:15:26.783000,AVAXUSDT,True
1191,163659131,94.95,759.6,True,8.0,2022-04-04T13:15:26.783000,AVAXUSDT,True
1192,163659130,94.95,597.2355,True,6.29,2022-04-04T13:15:26.783000,AVAXUSDT,True
1193,163659129,94.95,1191.6225,True,12.55,2022-04-04T13:15:26.783000,AVAXUSDT,True
1194,163659128,94.96,357.9992,True,3.77,2022-04-04T13:15:26.783000,AVAXUSDT,True
1195,163659127,94.95,2024.334,True,21.32,2022-04-04T13:15:26.633000,AVAXUSDT,True
1196,163659126,94.95,474.75,True,5.0,2022-04-04T13:15:26.633000,AVAXUSDT,True
1197,163659125,94.96,635.2824,True,6.69,2022-04-04T13:15:26.630000,AVAXUSDT,False
1198,163659124,94.96,129.1456,True,1.36,2022-04-04T13:15:26.603000,AVAXUSDT,False
1199,163659123,94.96,755.8816,True,7.96,2022-04-04T13:15:26.575000,AVAXUSDT,False
1200,163659122,94.96,847.0432,True,8.92,2022-04-04T13:15:26.560000,AVAXUSDT,False
1201,163659121,94.96,985.6848,True,10.38,2022-04-04T13:15:26.560000,AVAXUSDT,False
1202,163659120,94.96,725.4944,True,7.64,2022-04-04T13:15:26.560000,AVAXUSDT,False
1203,163659119,94.96,379.84,True,4.0,2022-04-04T13:15:26.529000,AVAXUSDT,True
1204,163659118,94.96,254.4928,True,2.68,2022-04-04T13:15:26.529000,AVAXUSDT,True
1205,163659117,94.96,299.124,True,3.15,2022-04-04T13:15:26.529000,AVAXUSDT,True
1206,163659116,94.97,37.988,True,0.4,2022-04-04T13:15:26.523000,AVAXUSDT,False
1207,163659115,94.97,34.1892,True,0.36,2022-04-04T13:15:26.472000,AVAXUSDT,True
1208,163659114,94.97,915.5108,True,9.64,2022-04-04T13:15:26.417000,AVAXUSDT,True
1209,163659113,94.97,1583.1499,True,16.67,2022-04-04T13:15:26.417000,AVAXUSDT,True
1210,163659112,94.98,159.5664,True,1.68,2022-04-04T13:15:26.227000,AVAXUSDT,True
1211,163659111,94.98,149.1186,True,1.57,2022-04-04T13:15:26.227000,AVAXUSDT,True
1212,163659110,94.99,441.7035,True,4.65,2022-04-04T13:15:26.227000,AVAXUSDT,True
1213,163659109,94.99,157.6834,True,1.66,2022-04-04T13:15:26.227000,AVAXUSDT,True
1214,163659108,95.0,350.55,True,3.69,2022-04-04T13:15:26.195000,AVAXUSDT,True
1215,163659107,95.0,599.45,True,6.31,2022-04-04T13:15:26.105000,AVAXUSDT,True
1216,163659106,95.0,1900.0,True,20.0,2022-04-04T13:15:26.105000,AVAXUSDT,True
1217,163659105,95.01,2499.7131,True,26.31,2022-04-04T13:15:25.989000,AVAXUSDT,True
1218,163659104,95.02,380.08,True,4.0,2022-04-04T13:15:25.869000,AVAXUSDT,True
1219,163659103,95.02,190.04,True,2.0,2022-04-04T13:15:25.869000,AVAXUSDT,True
1220,163659102,95.02,95.02,True,1.0,2022-04-04T13:15:25.869000,AVAXUSDT,True
1221,163659101,95.03,99.7815,True,1.05,2022-04-04T13:15:25.751000,AVAXUSDT,True
1222,163659100,95.03,1957.618,True,20.6,2022-04-04T13:15:25.661000,AVAXUSDT,False
1223,163659099,95.03,6456.3382,True,67.94,2022-04-04T13:15:25.650000,AVAXUSDT,True
1224,163659098,95.03,400.0763,True,4.21,2022-04-04T13:15:25.650000,AVAXUSDT,True
1225,163659097,95.03,2590.5178,True,27.26,2022-04-04T13:15:25.650000,AVAXUSDT,True
1226,163659096,95.03,305.9966,True,3.22,2022-04-04T13:15:25.650000,AVAXUSDT,True
1227,163659095,95.04,3550.6944,True,37.36,2022-04-04T13:15:25.650000,AVAXUSDT,True
1228,163659094,95.04,95.04,True,1.0,2022-04-04T13:15:25.650000,AVAXUSDT,True
1229,163659093,95.04,69.3792,True,0.73,2022-04-04T13:15:25.650000,AVAXUSDT,True
1230,163659092,95.04,39.9168,True,0.42,2022-04-04T13:15:25.650000,AVAXUSDT,True
1231,163659091,95.04,372.5568,True,3.92,2022-04-04T13:15:25.650000,AVAXUSDT,True
1232,163659090,95.05,380.2,True,4.0,2022-04-04T13:15:25.650000,AVAXUSDT,True
1233,163659089,95.05,950.5,True,10.0,2022-04-04T13:15:25.650000,AVAXUSDT,True
1234,163659088,95.05,159.684,True,1.68,2022-04-04T13:15:25.650000,AVAXUSDT,True
1235,163659087,95.05,3942.674,True,41.48,2022-04-04T13:15:25.650000,AVAXUSDT,True
1236,163659086,95.05,2378.151,True,25.02,2022-04-04T13:15:25.650000,AVAXUSDT,True
1237,163659085,95.05,2498.8645,True,26.29,2022-04-04T13:15:25.618000,AVAXUSDT,True
1238,163659084,95.05,2498.8645,True,26.29,2022-04-04T13:15:25.503000,AVAXUSDT,True
1239,163659083,95.06,950.6,True,10.0,2022-04-04T13:15:24.733000,AVAXUSDT,True
1240,163659082,95.06,89.3564,True,0.94,2022-04-04T13:15:24.733000,AVAXUSDT,True
1241,163659081,95.06,2499.1274,True,26.29,2022-04-04T13:15:24.629000,AVAXUSDT,True
1242,163659080,95.06,989.5746,True,10.41,2022-04-04T13:15:24.492000,AVAXUSDT,True
1243,163659079,95.06,1509.5528,True,15.88,2022-04-04T13:15:24.492000,AVAXUSDT,True
1244,163659078,95.05,643.4885,True,6.77,2022-04-04T13:15:24.041000,AVAXUSDT,True
1245,163659077,95.05,99.8025,True,1.05,2022-04-04T13:15:24.041000,AVAXUSDT,True
1246,163659076,95.05,43.723,True,0.46,2022-04-04T13:15:24.041000,AVAXUSDT,True
1247,163659075,95.05,1711.8505,True,18.01,2022-04-04T13:15:24.041000,AVAXUSDT,True
1248,163659074,95.05,28.515,True,0.3,2022-04-04T13:15:23.416000,AVAXUSDT,True
1249,163659073,95.06,95.06,True,1.0,2022-04-04T13:15:23.408000,AVAXUSDT,True
1250,163659072,95.06,160.6514,True,1.69,2022-04-04T13:15:23.408000,AVAXUSDT,True
1251,163659071,95.06,4632.2738,True,48.73,2022-04-04T13:15:23.396000,AVAXUSDT,True
1252,163659070,95.06,932.5386,True,9.81,2022-04-04T13:15:23.396000,AVAXUSDT,True
